,#RIC,Date[G],Time[G],GMT Offset,Type,Ex/Cntrb.ID,Price,Volume,Buyer ID,Bid Price,Bid Size,No. Buyers,Seller ID,Ask Price,Ask Size,No. Sellers,Qualifiers,Exch Time
0,NOKI.ST,20090701,06:45:28.104050,2,Quote,,,,,116.4,1400.0,,,,,,,
1,NOKI.ST,20090701,06:45:28.104050,2,Quote,,,,,,,,,116.4,1900.0,,,
2,NOKI.ST,20090701,06:48:26.335503,2,Quote,,,,,,1600.0,,,,,,,
3,NOKI.ST,20090701,06:49:48.696436,2,Quote,,,,,,,,,,2080.0,,,
4,NOKI.ST,20090701,06:53:08.885346,2,Quote,,,,,,,,,,2388.0,,,
5,NOKI.ST,20090701,06:55:37.662316,2,Quote,,,,,113.2,930.0,,,,,,,
6,NOKI.ST,20090701,06:55:37.778199,2,Quote,,,,,116.2,1600.0,,,,,,,
7,NOKI.ST,20090701,06:55:37.778199,2,Quote,,,,,,,,,116.2,3688.0,,,
8,NOKI.ST,20090701,06:59:04.053789,2,Quote,,,,,113.8,400.0,,,,,,,
9,NOKI.ST,20090701,06:59:04.053789,2,Quote,,,,,116.1,1600.0,,,,,,,
10,NOKI.ST,20090701,06:59:04.053789,2,Quote,,,,,,,,,116.1,3888.0,,,
11,NOKI.ST,20090701,06:59:32.275653,2,Quote,,,,,113.7,400.0,,,,,,,
12,NOKI.ST,20090701,06:59:32.275653,2,Quote,,,,,115.5,1600.0,,,,,,,
13,NOKI.ST,20090701,06:59:32.275653,2,Quote,,,,,,,,,115.5,2363.0,,,
14,NOKI.ST,20090701,07:00:00.868517,2,Quote,,,,,113.5,1000.0,,,,,,,
15,NOKI.ST,20090701,07:00:00.868517,2,Quote,,,,,115.4,1600.0,,,,,,,
16,NOKI.ST,20090701,07:00:00.868517,2,Quote,,,,,,,,,115.4,2058.0,,,
17,NOKI.ST,20090701,07:00:03.747563,2,Quote,,,,,113.4,847.0,,,,,,,
18,NOKI.ST,20090701,07:00:03.747563,2,Quote,,,,,,3447.0,,,,,,,
19,NOKI.ST,20090701,07:00:03.747563,2,Quote,,,,,,,,,113.4,10308.0,,,
20,NOKI.ST,20090701,07:00:03.799122,2,Quote,,,,,113.2,930.0,,,,,,,
21,NOKI.ST,20090701,07:00:03.799122,2,Quote,,,,,113.3,3447.0,,,,,,,
22,NOKI.ST,20090701,07:00:03.799122,2,Quote,,,,,,,,,113.3,4308.0,,,
23,NOKI.ST,20090701,07:00:03.965445,2,Quote,,,,,,,,,113.4,10000.0,,,
24,NOKI.ST,20090701,07:00:03.965445,2,Quote,,,,,113.2,930.0,,,,,,,
25,NOKI.ST,20090701,07:00:03.965445,2,Quote,,,,,113.4,3447.0,,,,,,,
26,NOKI.ST,20090701,07:00:03.965445,2,Quote,,,,,,,,,,10308.0,,,
27,NOKI.ST,20090701,07:00:03.965445,2,Quote,,,,,,,,,,8308.0,,,
28,NOKI.ST,20090701,07:00:03.965445,2,Quote,,,,,,,,,,17808.0,,,
29,NOKI.ST,20090701,07:00:04.029990,2,Quote,,,,,,,,,,19808.0,,,
30,NOKI.ST,20090701,07:00:04.029990,2,Quote,,,,,113.2,930.0,,,,,,,
31,NOKI.ST,20090701,07:00:04.029990,2,Quote,,,,,113.3,3447.0,,,,,,,
32,NOKI.ST,20090701,07:00:04.029990,2,Quote,,,,,,,,,113.3,4308.0,,,
33,NOKI.ST,20090701,07:00:04.068827,2,Quote,,,,,,,,,,6308.0,,,
34,NOKI.ST,20090701,07:00:04.068827,2,Quote,,,,,,,,,,15808.0,,,
35,NOKI.ST,20090701,07:00:04.337302,2,Quote,,,,,,,,,,13808.0,,,
36,NOKI.ST,20090701,07:00:04.455874,2,Quote,,,,,,,,,,15808.0,,,
37,NOKI.ST,20090701,07:00:04.455874,2,Quote,,,,,,,,,,19808.0,,,
38,NOKI.ST,20090701,07:00:05.050427,2,Quote,,,,,,,,,,15808.0,,,
39,NOKI.ST,20090701,07:00:05.050427,2,Quote,,,,,,,,,,13808.0,,,
40,NOKI.ST,20090701,07:00:05.100057,2,Quote,,,,,,,,,,4308.0,,,
41,NOKI.ST,20090701,07:00:05.299572,2,Quote,,,,,,,,,,6308.0,,,
42,NOKI.ST,20090701,07:00:05.422118,2,Quote,,,,,,,,,,15808.0,,,
43,NOKI.ST,20090701,07:00:05.426584,2,Quote,,,,,,,,,,6308.0,,,
44,NOKI.ST,20090701,07:00:05.534064,2,Quote,,,,,,,,,,4308.0,,,
45,NOKI.ST,20090701,07:00:06.398307,2,Quote,,,,,,,,,113.4,15500.0,,,
46,NOKI.ST,20090701,07:00:06.398307,2,Quote,,,,,113.2,930.0,,,,,,,
47,NOKI.ST,20090701,07:00:06.489919,2,Quote,,,,,113.4,3447.0,,,,,,,
48,NOKI.ST,20090701,07:00:06.489919,2,Quote,,,,,,,,,,15808.0,,,
49,NOKI.ST,20090701,07:00:08.477131,2,Quote,,,,,,,,,,13808.0,,,
50,NOKI.ST,20090701,07:00:11.957380,2,Quote,,,,,,,,,,15808.0,,,
51,NOKI.ST,20090701,07:00:11.957380,2,Quote,,,,,,,,,,6308.0,,,
52,NOKI.ST,20090701,07:00:11.957380,2,Quote,,,,,,,,,,15808.0,,,
53,NOKI.ST,20090701,07:00:12.190653,2,Quote,,,,,,,,,,13808.0,,,
54,NOKI.ST,20090701,07:00:12.190653,2,Quote,,,,,,,,,,9808.0,,,
55,NOKI.ST,20090701,07:00:12.290835,2,Quote,,,,,,,,,113.5,4000.0,,,
56,NOKI.ST,20090701,07:00:12.290835,2,Quote,,,,,113.5,2600.0,,,,,,,
57,NOKI.ST,20090701,07:00:12.290835,2,Quote,,,,,,,,,,4308.0,,,
58,NOKI.ST,20090701,07:00:13.908908,2,Quote,,,,,113.4,847.0,,,,,,,
59,NOKI.ST,20090701,07:00:13.908908,2,Quote,,,,,,3447.0,,,,,,,
60,NOKI.ST,20090701,07:00:13.908908,2,Quote,,,,,,,,,113.4,4308.0,,,
61,NOKI.ST,20090701,07:00:14.234918,2,Quote,,,,,,,,,,6308.0,,,
62,NOKI.ST,20090701,07:00:15.407270,2,Quote,,,,,,,,,,8308.0,,,
63,NOKI.ST,20090701,07:00:15.407270,2,Quote,,,,,,,,,,17808.0,,,
64,NOKI.ST,20090701,07:00:15.407270,2,Quote,,,,,,,,,,15808.0,,,
65,NOKI.ST,20090701,07:00:15.455459,2,Quote,,,,,,,,,,6308.0,,,
66,NOKI.ST,20090701,07:00:15.574201,2,Quote,,,,,,,,,,4308.0,,,
67,NOKI.ST,20090701,07:00:17.074419,2,Quote,,,,,,,,,113.5,13500.0,,,
68,NOKI.ST,20090701,07:00:17.074419,2,Quote,,,,,113.5,2600.0,,,,,,,
69,NOKI.ST,20090701,07:00:17.074419,2,Quote,,,,,,,,,,15808.0,,,
70,NOKI.ST,20090701,07:00:17.074419,2,Quote,,,,,,,,,,17808.0,,,
71,NOKI.ST,20090701,07:00:18.061655,2,Quote,,,,,,,,,,8308.0,,,
72,NOKI.ST,20090701,07:00:18.978257,2,Quote,,,,,113.4,847.0,,,,,,,
73,NOKI.ST,20090701,07:00:18.978257,2,Quote,,,,,,3447.0,,,,,,,
74,NOKI.ST,20090701,07:00:19.042638,2,Quote,,,,,,,,,113.4,4308.0,,,
75,NOKI.ST,20090701,07:00:19.631153,2,Quote,,,,,,,,,,6308.0,,,
76,NOKI.ST,20090701,07:00:26.027253,2,Quote,,,,,,,,,,15808.0,,,
77,NOKI.ST,20090701,07:00:26.701316,2,Quote,,,,,,,,,,17808.0,,,
78,NOKI.ST,20090701,07:00:27.882033,2,Quote,,,,,,,,,,15808.0,,,
79,NOKI.ST,20090701,07:00:30.062187,2,Quote,,,,,,,,,,17808.0,,,
80,NOKI.ST,20090701,07:00:30.062187,2,Quote,,,,,113.2,930.0,,,,,,,
81,NOKI.ST,20090701,07:00:30.062187,2,Quote,,,,,113.3,3447.0,,,,,,,
82,NOKI.ST,20090701,07:00:30.115971,2,Quote,,,,,,,,,113.3,4308.0,,,
83,NOKI.ST,20090701,07:00:30.115971,2,Quote,,,,,,,,,,13808.0,,,
84,NOKI.ST,20090701,07:00:31.919877,2,Quote,,,,,,,,,,15808.0,,,
85,NOKI.ST,20090701,07:00:31.919877,2,Quote,,,,,,,,,,21808.0,,,
86,NOKI.ST,20090701,07:00:33.262427,2,Quote,,,,,,3519.0,,,,,,,
87,NOKI.ST,20090701,07:00:34.580509,2,Quote,,,,,,,,,,19808.0,,,
88,NOKI.ST,20090701,07:00:37.979087,2,Quote,,,,,,,,,,21808.0,,,
89,NOKI.ST,20090701,07:00:42.125606,2,Quote,,,,,,,,,,12308.0,,,
90,NOKI.ST,20090701,07:00:46.163620,2,Quote,,,,,,,,,,21808.0,,,
91,NOKI.ST,20090701,07:00:56.182799,2,Quote,,,,,,,,,,12308.0,,,
92,NOKI.ST,20090701,07:01:00.716046,2,Quote,,,,,,,,,,10308.0,,,
93,NOKI.ST,20090701,07:01:00.716046,2,Quote,,,,,,,,,,8308.0,,,
94,NOKI.ST,20090701,07:01:01.961267,2,Quote,,,,,,,,,,14308.0,,,
95,NOKI.ST,20090701,07:01:03.945961,2,Quote,,,,,,,,,,16308.0,,,
96,NOKI.ST,20090701,07:01:06.947320,2,Quote,,,,,,,,,,14308.0,,,
97,NOKI.ST,20090701,07:01:06.947320,2,Quote,,,,,,,,,,12308.0,,,
98,NOKI.ST,20090701,07:01:06.947320,2,Quote,,,,,,,,,,10308.0,,,
99,NOKI.ST,20090701,07:01:07.633083,2,Quote,,,,,,3591.0,,,,,,,
100,NOKI.ST,20090701,07:01:09.251662,2,Quote,,,,,,,,,,19808.0,,,
101,NOKI.ST,20090701,07:01:10.760967,2,Quote,,,,,,,,,,17808.0,,,
102,NOKI.ST,20090701,07:01:10.812795,2,Quote,,,,,,,,,,15808.0,,,
103,NOKI.ST,20090701,07:01:10.812795,2,Quote,,,,,,,,,,13808.0,,,
104,NOKI.ST,20090701,07:01:10.812795,2,Quote,,,,,,,,,,11808.0,,,
105,NOKI.ST,20090701,07:01:10.812795,2,Quote,,,,,,,,,113.4,4000.0,,,
106,NOKI.ST,20090701,07:01:10.853751,2,Quote,,,,,113.2,930.0,,,,,,,
107,NOKI.ST,20090701,07:01:10.853751,2,Quote,,,,,113.4,3591.0,,,,,,,
108,NOKI.ST,20090701,07:01:10.853751,2,Quote,,,,,,,,,,15808.0,,,
109,NOKI.ST,20090701,07:01:10.853751,2,Quote,,,,,,,,,,13808.0,,,
110,NOKI.ST,20090701,07:01:10.911641,2,Quote,,,,,113.2,930.0,,,,,,,
111,NOKI.ST,20090701,07:01:10.911641,2,Quote,,,,,113.3,3591.0,,,,,,,
112,NOKI.ST,20090701,07:01:10.911641,2,Quote,,,,,,,,,113.3,8308.0,,,
113,NOKI.ST,20090701,07:01:10.911641,2,Quote,,,,,,,,,,17808.0,,,
114,NOKI.ST,20090701,07:01:11.513742,2,Quote,,,,,,,,,,11808.0,,,
115,NOKI.ST,20090701,07:01:11.563351,2,Quote,,,,,,,,,113.4,4000.0,,,
116,NOKI.ST,20090701,07:01:11.563351,2,Quote,,,,,113.2,930.0,,,,,,,
117,NOKI.ST,20090701,07:01:11.698185,2,Quote,,,,,113.4,3591.0,,,,,,,
118,NOKI.ST,20090701,07:01:11.698185,2,Quote,,,,,,,,,,15808.0,,,
119,NOKI.ST,20090701,07:01:12.694732,2,Quote,,,,,,,,,,13808.0,,,
120,NOKI.ST,20090701,07:01:12.776818,2,Quote,,,,,,,,,,4308.0,,,
121,NOKI.ST,20090701,07:01:12.834280,2,Quote,,,,,,,,,,6308.0,,,
122,NOKI.ST,20090701,07:01:15.171920,2,Quote,,,,,,,,,,15808.0,,,
123,NOKI.ST,20090701,07:01:15.874391,2,Quote,,,,,,,,,,13808.0,,,
124,NOKI.ST,20090701,07:01:15.874391,2,Quote,,,,,113.2,930.0,,,,,,,
125,NOKI.ST,20090701,07:01:15.916213,2,Quote,,,,,113.3,3591.0,,,,,,,
126,NOKI.ST,20090701,07:01:15.916213,2,Quote,,,,,,,,,113.3,6308.0,,,
127,NOKI.ST,20090701,07:01:16.024388,2,Quote,,,,,,,,,,15808.0,,,
128,NOKI.ST,20090701,07:01:16.873475,2,Quote,,,,,,,,,,6308.0,,,
129,NOKI.ST,20090701,07:01:24.689607,2,Quote,,,,,,,,,,8808.0,,,
130,NOKI.ST,20090701,07:01:26.803591,2,Quote,,,,,,,,,,6308.0,,,
131,NOKI.ST,20090701,07:01:28.601734,2,Quote,,,,,,,,,,8808.0,,,
132,NOKI.ST,20090701,07:01:30.395564,2,Quote,,,,,,,,,113.4,15500.0,,,
133,NOKI.ST,20090701,07:01:30.395564,2,Quote,,,,,113.2,930.0,,,,,,,
134,NOKI.ST,20090701,07:01:30.395564,2,Quote,,,,,113.4,3591.0,,,,,,,
135,NOKI.ST,20090701,07:01:30.416800,2,Quote,,,,,,,,,,18308.0,,,
136,NOKI.ST,20090701,07:01:30.416800,2,Quote,,,,,,,,,,8808.0,,,
137,NOKI.ST,20090701,07:01:30.434439,2,Quote,,,,,,,,,,6808.0,,,
138,NOKI.ST,20090701,07:01:30.664171,2,Quote,,,,,,,,,,4308.0,,,
139,NOKI.ST,20090701,07:01:31.663323,2,Quote,,,,,,,,,113.5,15500.0,,,
140,NOKI.ST,20090701,07:01:31.663323,2,Quote,,,,,113.5,2744.0,,,,,,,
141,NOKI.ST,20090701,07:01:31.663323,2,Quote,,,,,,,,,,17808.0,,,
142,NOKI.ST,20090701,07:01:33.328487,2,Quote,,,,,,,,,,20308.0,,,
143,NOKI.ST,20090701,07:01:35.476785,2,Quote,,,,,,,,,,10808.0,,,
144,NOKI.ST,20090701,07:01:37.346146,2,Quote,,,,,,,,,,20308.0,,,
145,NOKI.ST,20090701,07:01:42.864056,2,Quote,,,,,,,,,,18308.0,,,
146,NOKI.ST,20090701,07:01:42.864056,2,Quote,,,,,,,,,,16308.0,,,
147,NOKI.ST,20090701,07:01:42.864056,2,Quote,,,,,,,,,,18308.0,,,
148,NOKI.ST,20090701,07:01:42.981281,2,Quote,,,,,,,,,,8808.0,,,
149,NOKI.ST,20090701,07:01:43.499918,2,Quote,,,,,,,,,,10808.0,,,
150,NOKI.ST,20090701,07:01:48.054798,2,Quote,,,,,,,,,,8808.0,,,
151,NOKI.ST,20090701,07:01:48.623671,2,Quote,,,,,,,,,,6308.0,,,
152,NOKI.ST,20090701,07:01:51.588818,2,Quote,,,,,,,,,,4308.0,,,
153,NOKI.ST,20090701,07:01:54.338739,2,Quote,,,,,,2816.0,,,,,,,
154,NOKI.ST,20090701,07:01:57.196148,2,Quote,,,,,,2906.0,,,,,,,
155,NOKI.ST,20090701,07:02:05.261435,2,Quote,,,,,,2978.0,,,,,,,
156,NOKI.ST,20090701,07:02:05.397364,2,Quote,,,,,,,,,,5951.0,,,
157,NOKI.ST,20090701,07:02:09.225599,2,Quote,,,,,113.4,847.0,,,,,,,
158,NOKI.ST,20090701,07:02:09.225599,2,Quote,,,,,,3825.0,,,,,,,
159,NOKI.ST,20090701,07:02:09.225599,2,Quote,,,,,,,,,113.4,7951.0,,,
160,NOKI.ST,20090701,07:02:09.279016,2,Quote,,,,,,,,,113.5,15500.0,,,
161,NOKI.ST,20090701,07:02:09.279016,2,Quote,,,,,113.5,2978.0,,,,,,,
162,NOKI.ST,20090701,07:02:09.279016,2,Quote,,,,,,,,,,17451.0,,,
163,NOKI.ST,20090701,07:02:09.300876,2,Quote,,,,,,,,,,15451.0,,,
164,NOKI.ST,20090701,07:02:09.300876,2,Quote,,,,,,,,,,17951.0,,,
165,NOKI.ST,20090701,07:02:09.307255,2,Quote,,,,,,,,,,8451.0,,,
166,NOKI.ST,20090701,07:02:09.364926,2,Quote,,,,,,,,,,10451.0,,,
167,NOKI.ST,20090701,07:02:09.664102,2,Quote,,,,,,,,,,8451.0,,,
168,NOKI.ST,20090701,07:02:09.664102,2,Quote,,,,,113.4,847.0,,,,,,,
169,NOKI.ST,20090701,07:02:09.664102,2,Quote,,,,,,3825.0,,,,,,,
170,NOKI.ST,20090701,07:02:09.664102,2,Quote,,,,,,,,,113.4,3951.0,,,
171,NOKI.ST,20090701,07:02:10.529408,2,Quote,,,,,,,,,,17951.0,,,
172,NOKI.ST,20090701,07:02:10.750870,2,Quote,,,,,,,,,,19951.0,,,
173,NOKI.ST,20090701,07:02:14.424469,2,Quote,,,,,,,,,,22451.0,,,
174,NOKI.ST,20090701,07:02:16.548689,2,Quote,,,,,,3897.0,,,,,,,
175,NOKI.ST,20090701,07:02:16.561053,2,Quote,,,,,,,,,,19951.0,,,
176,NOKI.ST,20090701,07:02:18.666023,2,Quote,,,,,,,,,,29451.0,,,
177,NOKI.ST,20090701,07:02:19.063666,2,Quote,,,,,,,,,,15451.0,,,
178,NOKI.ST,20090701,07:02:19.063666,2,Quote,,,,,,,,,,13451.0,,,
179,NOKI.ST,20090701,07:02:19.244142,2,Quote,,,,,,,,,,3951.0,,,
180,NOKI.ST,20090701,07:02:21.974264,2,Quote,,,,,,,,,,5951.0,,,
181,NOKI.ST,20090701,07:02:25.046557,2,Quote,,,,,,,,,,8451.0,,,
182,NOKI.ST,20090701,07:02:25.866805,2,Quote,,,,,,,,,,10451.0,,,
183,NOKI.ST,20090701,07:02:26.185332,2,Quote,,,,,,,,,,8451.0,,,
184,NOKI.ST,20090701,07:02:26.195818,2,Quote,,,,,113.2,1130.0,,,,,,,
185,NOKI.ST,20090701,07:02:26.195818,2,Quote,,,,,113.3,3897.0,,,,,,,
186,NOKI.ST,20090701,07:02:26.195818,2,Quote,,,,,,,,,113.3,3951.0,,,
187,NOKI.ST,20090701,07:02:28.967497,2,Quote,,,,,,,,,,7951.0,,,
188,NOKI.ST,20090701,07:02:32.404759,2,Quote,,,,,,,,,,10451.0,,,
189,NOKI.ST,20090701,07:02:32.426403,2,Quote,,,,,,3050.0,,,,,,,
190,NOKI.ST,20090701,07:02:35.306576,2,Quote,,,,,,,,,,14451.0,,,
191,NOKI.ST,20090701,07:02:35.795212,2,Quote,,,,,,,,,,11951.0,,,
192,NOKI.ST,20090701,07:02:37.249646,2,Quote,,,,,,,,,,14451.0,,,
193,NOKI.ST,20090701,07:02:39.628144,2,Quote,,,,,,,,,,10451.0,,,
194,NOKI.ST,20090701,07:02:40.782615,2,Quote,,,,,,,,,,7951.0,,,
195,NOKI.ST,20090701,07:02:41.996604,2,Quote,,,,,,3140.0,,,,,,,
196,NOKI.ST,20090701,07:02:47.256876,2,Quote,,,,,,,,,,10451.0,,,
197,NOKI.ST,20090701,07:02:49.450449,2,Quote,,,,,,,,,,7951.0,,,
198,NOKI.ST,20090701,07:02:52.169271,2,Quote,,,,,,,,,,8147.0,,,
199,NOKI.ST,20090701,07:02:52.201445,2,Quote,,,,,,,,,,10147.0,,,
200,NOKI.ST,20090701,07:02:52.296566,2,Quote,,,,,,,,,,12647.0,,,
201,NOKI.ST,20090701,07:02:55.227231,2,Quote,,,,,,3230.0,,,,,,,
202,NOKI.ST,20090701,07:02:56.852898,2,Quote,,,,,,,,,,22147.0,,,
203,NOKI.ST,20090701,07:02:57.465278,2,Quote,,,,,,,,,,19647.0,,,
204,NOKI.ST,20090701,07:02:59.063793,2,Quote,,,,,,,,,,10147.0,,,
205,NOKI.ST,20090701,07:03:00.234553,2,Quote,,,,,,,,,,19647.0,,,
206,NOKI.ST,20090701,07:03:02.543822,2,Quote,,,,,,,,,,22147.0,,,
207,NOKI.ST,20090701,07:03:03.886880,2,Quote,,,,,,,,,,24147.0,,,
208,NOKI.ST,20090701,07:03:05.845535,2,Quote,,,,,,,,,,14647.0,,,
209,NOKI.ST,20090701,07:03:08.442096,2,Quote,,,,,,,,,,12147.0,,,
210,NOKI.ST,20090701,07:03:28.677684,2,Quote,,,,,,,,,,10147.0,,,
211,NOKI.ST,20090701,07:03:29.129286,2,Quote,,,,,,,,,,8147.0,,,
212,NOKI.ST,20090701,07:03:29.129286,2,Quote,,,,,,,,,,4147.0,,,
213,NOKI.ST,20090701,07:03:29.666485,2,Quote,,,,,,,,,113.4,4500.0,,,
214,NOKI.ST,20090701,07:03:29.666485,2,Quote,,,,,113.4,3050.0,,,,,,,
215,NOKI.ST,20090701,07:03:29.708979,2,Quote,,,,,,,,,,6647.0,,,
216,NOKI.ST,20090701,07:03:32.867449,2,Quote,,,,,,,,,,4647.0,,,
217,NOKI.ST,20090701,07:03:32.941196,2,Quote,,,,,,,,,113.5,6000.0,,,
218,NOKI.ST,20090701,07:03:32.941196,2,Quote,,,,,113.3,180.0,,,,,,,
219,NOKI.ST,20090701,07:03:32.941196,2,Quote,,,,,113.5,3050.0,,,,,,,
220,NOKI.ST,20090701,07:03:32.941196,2,Quote,,,,,,,,,,8147.0,,,
221,NOKI.ST,20090701,07:03:33.005704,2,Quote,,,,,,,,,,10647.0,,,
222,NOKI.ST,20090701,07:03:35.100336,2,Quote,,,,,,,,,,8147.0,,,
223,NOKI.ST,20090701,07:03:35.692598,2,Quote,,,,,,3111.0,,,,,,,
224,NOKI.ST,20090701,07:03:38.258747,2,Quote,,,,,,,,,,10647.0,,,
225,NOKI.ST,20090701,07:03:43.984178,2,Quote,,,,,113.3,180.0,,,,,,,
226,NOKI.ST,20090701,07:03:43.984178,2,Quote,,,,,113.4,3111.0,,,,,,,
227,NOKI.ST,20090701,07:03:44.004031,2,Quote,,,,,,,,,113.4,8147.0,,,
228,NOKI.ST,20090701,07:03:45.845998,2,Quote,,,,,113.3,180.0,,,,,,,
229,NOKI.ST,20090701,07:03:45.845998,2,Quote,,,,,,3291.0,,,,,,,
230,NOKI.ST,20090701,07:03:45.845998,2,Quote,,,,,,,,,113.3,6147.0,,,
231,NOKI.ST,20090701,07:03:45.873909,2,Quote,,,,,,,,,,4147.0,,,
232,NOKI.ST,20090701,07:03:45.873909,2,Quote,,,,,,,,,,10147.0,,,
233,NOKI.ST,20090701,07:03:45.911007,2,Quote,,,,,,,,,,4147.0,,,
234,NOKI.ST,20090701,07:03:45.911007,2,Quote,,,,,,,,,113.4,13500.0,,,
235,NOKI.ST,20090701,07:03:45.911007,2,Quote,,,,,113.4,3111.0,,,,,,,
236,NOKI.ST,20090701,07:03:45.971564,2,Quote,,,,,,,,,,15647.0,,,
237,NOKI.ST,20090701,07:03:45.971564,2,Quote,,,,,,,,,,18147.0,,,
238,NOKI.ST,20090701,07:03:45.971564,2,Quote,,,,,,,,,,16147.0,,,
239,NOKI.ST,20090701,07:03:45.971564,2,Quote,,,,,,,,,,6647.0,,,
240,NOKI.ST,20090701,07:03:47.668774,2,Quote,,,,,,,,,,4647.0,,,
241,NOKI.ST,20090701,07:03:48.023602,2,Quote,,,,,,,,,113.5,6000.0,,,
242,NOKI.ST,20090701,07:03:48.023602,2,Quote,,,,,113.3,180.0,,,,,,,
243,NOKI.ST,20090701,07:03:48.023602,2,Quote,,,,,113.5,3111.0,,,,,,,
244,NOKI.ST,20090701,07:03:48.023602,2,Quote,,,,,,,,,,8147.0,,,
245,NOKI.ST,20090701,07:03:48.610890,2,Quote,,,,,,,,,,6147.0,,,
246,NOKI.ST,20090701,07:03:52.470450,2,Quote,,,,,,,,,,8147.0,,,
247,NOKI.ST,20090701,07:03:52.739116,2,Quote,,,,,,,,,,6147.0,,,
248,NOKI.ST,20090701,07:03:54.091420,2,Quote,,,,,,,,,,8147.0,,,
249,NOKI.ST,20090701,07:03:54.788550,2,Quote,,,,,,,,,,10147.0,,,
250,NOKI.ST,20090701,07:03:55.199258,2,Quote,,,,,113.3,180.0,,,,,,,
251,NOKI.ST,20090701,07:03:55.199258,2,Quote,,,,,113.4,3111.0,,,,,,,
252,NOKI.ST,20090701,07:03:55.199258,2,Quote,,,,,,,,,113.4,6147.0,,,
253,NOKI.ST,20090701,07:03:55.274193,2,Quote,,,,,,,,,113.5,8000.0,,,
254,NOKI.ST,20090701,07:03:55.274193,2,Quote,,,,,113.3,180.0,,,,,,,
255,NOKI.ST,20090701,07:03:55.274193,2,Quote,,,,,113.5,3111.0,,,,,,,
256,NOKI.ST,20090701,07:03:55.274193,2,Quote,,,,,,,,,,10147.0,,,
257,NOKI.ST,20090701,07:03:55.364868,2,Quote,,,,,,,,,,8147.0,,,
258,NOKI.ST,20090701,07:03:57.281205,2,Quote,,,,,,,,,,4147.0,,,
259,NOKI.ST,20090701,07:03:57.303872,2,Quote,,,,,,,,,,2147.0,,,
260,NOKI.ST,20090701,07:03:57.401093,2,Quote,,,,,,,,,,4147.0,,,
261,NOKI.ST,20090701,07:03:57.401093,2,Quote,,,,,,,,,,30147.0,,,
262,NOKI.ST,20090701,07:03:57.450599,2,Quote,,,,,,,,,,38147.0,,,
263,NOKI.ST,20090701,07:03:57.465563,2,Quote,,,,,,,,,,30147.0,,,
264,NOKI.ST,20090701,07:03:57.465563,2,Quote,,,,,,,,,,12147.0,,,
265,NOKI.ST,20090701,07:03:57.515149,2,Quote,,,,,,,,,,10147.0,,,
266,NOKI.ST,20090701,07:03:57.603271,2,Quote,,,,,,,,,,12147.0,,,
267,NOKI.ST,20090701,07:03:57.721439,2,Quote,,,,,,,,,,10147.0,,,
268,NOKI.ST,20090701,07:03:57.721439,2,Quote,,,,,,,,,,8147.0,,,
269,NOKI.ST,20090701,07:03:57.721439,2,Quote,,,,,,,,,,2147.0,,,
270,NOKI.ST,20090701,07:03:58.343030,2,Quote,,,,,,,,,,10147.0,,,
271,NOKI.ST,20090701,07:03:58.555941,2,Quote,,,,,,,,,,12147.0,,,
272,NOKI.ST,20090701,07:03:58.828043,2,Quote,,,,,,,,,,10147.0,,,
273,NOKI.ST,20090701,07:03:59.995526,2,Quote,,,,,,,,,,6147.0,,,
274,NOKI.ST,20090701,07:04:02.684621,2,Quote,,,,,,,,,,4147.0,,,
275,NOKI.ST,20090701,07:04:04.839598,2,Quote,,,,,,,,,,6147.0,,,
276,NOKI.ST,20090701,07:04:07.104164,2,Quote,,,,,,,,,,8647.0,,,
277,NOKI.ST,20090701,07:04:08.893179,2,Quote,,,,,,,,,,10647.0,,,
278,NOKI.ST,20090701,07:04:14.087987,2,Quote,,,,,,,,,,8647.0,,,
279,NOKI.ST,20090701,07:04:14.586505,2,Quote,,,,,,,,,,6147.0,,,
280,NOKI.ST,20090701,07:04:16.958200,2,Quote,,,,,,,,,,8147.0,,,
281,NOKI.ST,20090701,07:04:19.883586,2,Quote,,,,,,,,,,10647.0,,,
282,NOKI.ST,20090701,07:04:25.636338,2,Quote,,,,,,,,,,8647.0,,,
283,NOKI.ST,20090701,07:04:25.636338,2,Quote,,,,,113.3,280.0,,,,,,,
284,NOKI.ST,20090701,07:04:25.702902,2,Quote,,,,,113.4,3111.0,,,,,,,
285,NOKI.ST,20090701,07:04:25.702902,2,Quote,,,,,,,,,113.4,12147.0,,,
286,NOKI.ST,20090701,07:04:29.591236,2,Quote,,,,,,,,,,14147.0,,,
287,NOKI.ST,20090701,07:04:31.406673,2,Quote,,,,,,,,,,12147.0,,,
288,NOKI.ST,20090701,07:04:31.488622,2,Quote,,,,,,,,,,10147.0,,,
289,NOKI.ST,20090701,07:04:33.054140,2,Quote,,,,,,,,,,6147.0,,,
290,NOKI.ST,20090701,07:04:36.087314,2,Quote,,,,,,,,,113.5,16000.0,,,
291,NOKI.ST,20090701,07:04:36.087314,2,Quote,,,,,113.3,280.0,,,,,,,
292,NOKI.ST,20090701,07:04:36.087314,2,Quote,,,,,113.5,3111.0,,,,,,,
293,NOKI.ST,20090701,07:04:36.087314,2,Quote,,,,,,,,,,18147.0,,,
294,NOKI.ST,20090701,07:04:36.273537,2,Quote,,,,,,,,,,8647.0,,,
295,NOKI.ST,20090701,07:04:36.315764,2,Quote,,,,,,,,,,6147.0,,,
296,NOKI.ST,20090701,07:04:37.351676,2,Quote,,,,,113.3,280.0,,,,,,,
297,NOKI.ST,20090701,07:04:37.351676,2,Quote,,,,,113.4,3111.0,,,,,,,
298,NOKI.ST,20090701,07:04:37.351676,2,Quote,,,,,,,,,113.4,12147.0,,,
299,NOKI.ST,20090701,07:04:37.547215,2,Quote,,,,,,,,,,6147.0,,,
300,NOKI.ST,20090701,07:04:37.556077,2,Quote,,,,,,,,,113.5,13500.0,,,
301,NOKI.ST,20090701,07:04:37.578193,2,Quote,,,,,113.3,280.0,,,,,,,
302,NOKI.ST,20090701,07:04:37.578193,2,Quote,,,,,113.5,3111.0,,,,,,,
303,NOKI.ST,20090701,07:04:37.578193,2,Quote,,,,,,,,,,15647.0,,,
304,NOKI.ST,20090701,07:04:37.578193,2,Quote,,,,,,,,,,6147.0,,,
305,NOKI.ST,20090701,07:04:38.989687,2,Quote,,,,,,,,,,4147.0,,,
306,NOKI.ST,20090701,07:04:39.246489,2,Quote,,,,,,,,,,2147.0,,,
307,NOKI.ST,20090701,07:04:43.898704,2,Quote,,,,,,,,,,12147.0,,,
308,NOKI.ST,20090701,07:04:44.098310,2,Quote,,,,,,,,,,4147.0,,,
309,NOKI.ST,20090701,07:04:44.156503,2,Quote,,,,,,,,,,2147.0,,,
310,NOKI.ST,20090701,07:04:55.003446,2,Quote,,,,,,,,,,12147.0,,,
311,NOKI.ST,20090701,07:04:55.447032,2,Quote,,,,,,,,,,16147.0,,,
312,NOKI.ST,20090701,07:04:55.447032,2,Quote,,,,,,,,,,12147.0,,,
313,NOKI.ST,20090701,07:04:55.447032,2,Quote,,,,,113.3,280.0,,,,,,,
314,NOKI.ST,20090701,07:04:55.478056,2,Quote,,,,,113.4,3111.0,,,,,,,
315,NOKI.ST,20090701,07:04:55.478056,2,Quote,,,,,,,,,113.4,6147.0,,,
316,NOKI.ST,20090701,07:04:58.710013,2,Quote,,,,,,,,,,12147.0,,,
317,NOKI.ST,20090701,07:04:58.897977,2,Quote,,,,,,,,,,14147.0,,,
318,NOKI.ST,20090701,07:04:59.896506,2,Quote,,,,,,,,,,12147.0,,,
319,NOKI.ST,20090701,07:05:00.262478,2,Quote,,,,,,,,,,10147.0,,,
320,NOKI.ST,20090701,07:05:00.468851,2,Quote,,,,,,,,,,8147.0,,,
321,NOKI.ST,20090701,07:05:00.547258,2,Quote,,,,,,,,,,10147.0,,,
322,NOKI.ST,20090701,07:05:00.834189,2,Quote,,,,,,,,,,8147.0,,,
323,NOKI.ST,20090701,07:05:00.834189,2,Quote,,,,,,,,,,6147.0,,,
324,NOKI.ST,20090701,07:05:00.834189,2,Quote,,,,,,,,,,4147.0,,,
325,NOKI.ST,20090701,07:05:00.858294,2,Quote,,,,,113.3,280.0,,,,,,,
326,NOKI.ST,20090701,07:05:00.858294,2,Quote,,,,,,3391.0,,,,,,,
327,NOKI.ST,20090701,07:05:00.858294,2,Quote,,,,,,,,,113.3,8147.0,,,
328,NOKI.ST,20090701,07:05:01.168333,2,Quote,,,,,,,,,,6147.0,,,
329,NOKI.ST,20090701,07:05:01.614216,2,Quote,,,,,,,,,113.4,11500.0,,,
330,NOKI.ST,20090701,07:05:01.614216,2,Quote,,,,,113.4,3111.0,,,,,,,
331,NOKI.ST,20090701,07:05:01.614216,2,Quote,,,,,,,,,,13647.0,,,
332,NOKI.ST,20090701,07:05:01.614216,2,Quote,,,,,,,,,,15647.0,,,
333,NOKI.ST,20090701,07:05:01.625835,2,Quote,,,,,,,,,,6147.0,,,
334,NOKI.ST,20090701,07:05:01.625835,2,Quote,,,,,,,,,,8647.0,,,
335,NOKI.ST,20090701,07:05:03.038647,2,Quote,,,,,,,,,,6647.0,,,
336,NOKI.ST,20090701,07:05:03.732508,2,Quote,,,,,,,,,,4147.0,,,
337,NOKI.ST,20090701,07:05:06.740695,2,Quote,,,,,,,,,113.5,12000.0,,,
338,NOKI.ST,20090701,07:05:06.740695,2,Quote,,,,,113.3,280.0,,,,,,,
339,NOKI.ST,20090701,07:05:06.740695,2,Quote,,,,,113.5,3111.0,,,,,,,
340,NOKI.ST,20090701,07:05:06.740695,2,Quote,,,,,,,,,,14147.0,,,
341,NOKI.ST,20090701,07:05:06.740695,2,Quote,,,,,,,,,,16647.0,,,
342,NOKI.ST,20090701,07:05:06.967092,2,Quote,,,,,,,,,,14647.0,,,
343,NOKI.ST,20090701,07:05:06.967092,2,Quote,,,,,113.3,280.0,,,,,,,
344,NOKI.ST,20090701,07:05:06.967092,2,Quote,,,,,113.4,3111.0,,,,,,,
345,NOKI.ST,20090701,07:05:06.967092,2,Quote,,,,,,,,,113.4,4147.0,,,
346,NOKI.ST,20090701,07:05:07.547719,2,Quote,,,,,,8111.0,,,,,,,
347,NOKI.ST,20090701,07:05:09.462995,2,Quote,,,,,,,,,113.5,12500.0,,,
348,NOKI.ST,20090701,07:05:09.462995,2,Quote,,,,,113.5,3111.0,,,,,,,
349,NOKI.ST,20090701,07:05:09.462995,2,Quote,,,,,,,,,,14647.0,,,
350,NOKI.ST,20090701,07:05:17.464201,2,Quote,,,,,,,,,,12147.0,,,
351,NOKI.ST,20090701,07:05:17.915025,2,Quote,,,,,113.4,5000.0,,,,,,,
352,NOKI.ST,20090701,07:05:17.924645,2,Quote,,,,,,8111.0,,,,,,,
353,NOKI.ST,20090701,07:05:17.924645,2,Quote,,,,,,,,,113.4,4147.0,,,
354,NOKI.ST,20090701,07:05:18.354235,2,Quote,,,,,,,,,,6147.0,,,
355,NOKI.ST,20090701,07:05:18.763638,2,Quote,,,,,,,,,,12147.0,,,
356,NOKI.ST,20090701,07:05:19.956013,2,Quote,,,,,,,,,,10147.0,,,
357,NOKI.ST,20090701,07:05:25.408206,2,Quote,,,,,113.3,280.0,,,,,,,
358,NOKI.ST,20090701,07:05:25.408206,2,Quote,,,,,,8391.0,,,,,,,
359,NOKI.ST,20090701,07:05:25.408206,2,Quote,,,,,,,,,113.3,30147.0,,,
360,NOKI.ST,20090701,07:05:25.408206,2,Quote,,,,,,,,,,28147.0,,,
361,NOKI.ST,20090701,07:05:25.593948,2,Quote,,,,,,,,,,30147.0,,,
362,NOKI.ST,20090701,07:05:25.713798,2,Quote,,,,,,,,,,38147.0,,,
363,NOKI.ST,20090701,07:05:26.337176,2,Quote,,,,,,,,,,30147.0,,,
364,NOKI.ST,20090701,07:05:28.688887,2,Quote,,,,,,,,,,32147.0,,,
365,NOKI.ST,20090701,07:05:28.741526,2,Quote,,,,,,,,,,41647.0,,,
366,NOKI.ST,20090701,07:05:29.678007,2,Quote,,,,,,,,,,39647.0,,,
367,NOKI.ST,20090701,07:05:29.678007,2,Quote,,,,,,,,,,30147.0,,,
368,NOKI.ST,20090701,07:05:31.072269,2,Quote,,,,,,,,,,28147.0,,,
369,NOKI.ST,20090701,07:05:31.102139,2,Quote,,,,,,,,,113.4,40000.0,,,
370,NOKI.ST,20090701,07:05:31.102139,2,Quote,,,,,113.4,8111.0,,,,,,,
371,NOKI.ST,20090701,07:05:31.102139,2,Quote,,,,,,,,,,42147.0,,,
372,NOKI.ST,20090701,07:05:31.210348,2,Quote,,,,,113.3,280.0,,,,,,,
373,NOKI.ST,20090701,07:05:31.210348,2,Quote,,,,,,8391.0,,,,,,,
374,NOKI.ST,20090701,07:05:31.210348,2,Quote,,,,,,,,,113.3,30147.0,,,
375,NOKI.ST,20090701,07:05:31.402298,2,Quote,,,,,,,,,113.4,40000.0,,,
376,NOKI.ST,20090701,07:05:31.402298,2,Quote,,,,,113.4,8111.0,,,,,,,
377,NOKI.ST,20090701,07:05:31.402298,2,Quote,,,,,,,,,,42147.0,,,
378,NOKI.ST,20090701,07:05:32.800627,2,Quote,,,,,,,,,,39647.0,,,
379,NOKI.ST,20090701,07:05:32.800627,2,Quote,,,,,,,,,,42147.0,,,
380,NOKI.ST,20090701,07:05:34.221521,2,Quote,,,,,,,,,,40147.0,,,
381,NOKI.ST,20090701,07:05:34.221521,2,Quote,,,,,,,,,,14147.0,,,
382,NOKI.ST,20090701,07:05:34.261996,2,Quote,,,,,,,,,,4647.0,,,
383,NOKI.ST,20090701,07:05:34.818803,2,Quote,,,,,,,,,113.6,11500.0,,,
384,NOKI.ST,20090701,07:05:34.818803,2,Quote,,,,,113.5,3111.0,,,,,,,
385,NOKI.ST,20090701,07:05:34.818803,2,Quote,,,,,,,,,113.5,2147.0,,,
386,NOKI.ST,20090701,07:05:53.169618,2,Quote,,,,,,,,,113.6,22000.0,,,
387,NOKI.ST,20090701,07:05:53.169618,2,Quote,,,,,113.6,2321.0,,,,,,,
388,NOKI.ST,20090701,07:05:53.210590,2,Quote,,,,,,,,,,24147.0,,,
389,NOKI.ST,20090701,07:05:53.297066,2,Quote,,,,,,,,,,21647.0,,,
390,NOKI.ST,20090701,07:05:53.297066,2,Quote,,,,,113.5,1090.0,,,,,,,
391,NOKI.ST,20090701,07:05:53.297066,2,Quote,,,,,,3411.0,,,,,,,
392,NOKI.ST,20090701,07:05:53.297066,2,Quote,,,,,,,,,113.5,4647.0,,,
393,NOKI.ST,20090701,07:05:59.263111,2,Quote,,,,,,,,,113.6,10000.0,,,
394,NOKI.ST,20090701,07:05:59.263111,2,Quote,,,,,113.6,2321.0,,,,,,,
395,NOKI.ST,20090701,07:05:59.263111,2,Quote,,,,,,,,,,12147.0,,,
396,NOKI.ST,20090701,07:05:59.297103,2,Quote,,,,,,,,,,14647.0,,,
397,NOKI.ST,20090701,07:06:01.314950,2,Quote,,,,,,,,,,12147.0,,,
398,NOKI.ST,20090701,07:06:01.724266,2,Quote,,,,,,,,,,21647.0,,,
399,NOKI.ST,20090701,07:06:04.275165,2,Quote,,,,,,,,,,24147.0,,,
400,NOKI.ST,20090701,07:06:05.052717,2,Quote,,,,,113.5,1090.0,,,,,,,
401,NOKI.ST,20090701,07:06:05.052717,2,Quote,,,,,,3411.0,,,,,,,
402,NOKI.ST,20090701,07:06:05.105467,2,Quote,,,,,,,,,113.5,4147.0,,,
403,NOKI.ST,20090701,07:06:05.105467,2,Quote,,,,,,,,,113.6,22000.0,,,
404,NOKI.ST,20090701,07:06:05.105467,2,Quote,,,,,113.6,2321.0,,,,,,,
405,NOKI.ST,20090701,07:06:05.105467,2,Quote,,,,,,,,,,24147.0,,,
406,NOKI.ST,20090701,07:06:06.333547,2,Quote,,,,,113.5,1090.0,,,,,,,
407,NOKI.ST,20090701,07:06:06.333547,2,Quote,,,,,,3411.0,,,,,,,
408,NOKI.ST,20090701,07:06:06.333547,2,Quote,,,,,,,,,113.5,12147.0,,,
409,NOKI.ST,20090701,07:06:13.316006,2,Quote,,,,,,,,,,14147.0,,,
410,NOKI.ST,20090701,07:06:13.316006,2,Quote,,,,,113.4,6000.0,,,,,,,
411,NOKI.ST,20090701,07:06:13.316006,2,Quote,,,,,,9411.0,,,,,,,
412,NOKI.ST,20090701,07:06:13.347152,2,Quote,,,,,,,,,113.4,4147.0,,,
413,NOKI.ST,20090701,07:06:13.522025,2,Quote,,,,,,,,,113.5,10000.0,,,
414,NOKI.ST,20090701,07:06:13.522025,2,Quote,,,,,113.5,3411.0,,,,,,,
415,NOKI.ST,20090701,07:06:13.522025,2,Quote,,,,,,,,,,12147.0,,,
416,NOKI.ST,20090701,07:06:17.080020,2,Quote,,,,,,,,,,8147.0,,,
417,NOKI.ST,20090701,07:06:17.080020,2,Quote,,,,,,,,,,4147.0,,,
418,NOKI.ST,20090701,07:06:17.356902,2,Quote,,,,,113.4,6000.0,,,,,,,
419,NOKI.ST,20090701,07:06:17.356902,2,Quote,,,,,,9411.0,,,,,,,
420,NOKI.ST,20090701,07:06:17.356902,2,Quote,,,,,,,,,113.4,4147.0,,,
421,NOKI.ST,20090701,07:06:21.949909,2,Quote,,,,,,,,,113.6,11500.0,,,
422,NOKI.ST,20090701,07:06:21.972088,2,Quote,,,,,113.5,4411.0,,,,,,,
423,NOKI.ST,20090701,07:06:21.972088,2,Quote,,,,,,,,,113.5,4147.0,,,
424,NOKI.ST,20090701,07:06:22.401635,2,Quote,,,,,,,,,113.6,11500.0,,,
425,NOKI.ST,20090701,07:06:22.401635,2,Quote,,,,,113.6,2321.0,,,,,,,
426,NOKI.ST,20090701,07:06:22.401635,2,Quote,,,,,,,,,,13647.0,,,
427,NOKI.ST,20090701,07:06:22.438060,2,Quote,,,,,,,,,,4147.0,,,
428,NOKI.ST,20090701,07:06:22.975101,2,Quote,,,,,,,,,113.7,19500.0,,,
429,NOKI.ST,20090701,07:06:22.975101,2,Quote,,,,,113.5,2090.0,,,,,,,
430,NOKI.ST,20090701,07:06:22.975101,2,Quote,,,,,,4411.0,,,,,,,
431,NOKI.ST,20090701,07:06:22.975101,2,Quote,,,,,,,,,113.5,4147.0,,,
432,NOKI.ST,20090701,07:06:23.099802,2,Quote,,,,,,,,,113.7,19500.0,,,
433,NOKI.ST,20090701,07:06:23.163089,2,Quote,,,,,113.6,2321.0,,,,,,,
434,NOKI.ST,20090701,07:06:23.243732,2,Quote,,,,,,,,,113.6,4147.0,,,
435,NOKI.ST,20090701,07:06:23.381544,2,Quote,,,,,,,,,,6647.0,,,
436,NOKI.ST,20090701,07:06:24.667840,2,Quote,,,,,113.5,2090.0,,,,,,,
437,NOKI.ST,20090701,07:06:24.667840,2,Quote,,,,,,4411.0,,,,,,,
438,NOKI.ST,20090701,07:06:24.667840,2,Quote,,,,,,,,,113.5,4147.0,,,
439,NOKI.ST,20090701,07:06:25.980704,2,Quote,,,,,,,,,113.6,4500.0,,,
440,NOKI.ST,20090701,07:06:26.011720,2,Quote,,,,,113.6,2321.0,,,,,,,
441,NOKI.ST,20090701,07:06:26.011720,2,Quote,,,,,,,,,,6647.0,,,
442,NOKI.ST,20090701,07:06:26.197635,2,Quote,,,,,113.5,2090.0,,,,,,,
443,NOKI.ST,20090701,07:06:26.197635,2,Quote,,,,,,4411.0,,,,,,,
444,NOKI.ST,20090701,07:06:26.197635,2,Quote,,,,,,,,,113.5,4147.0,,,
445,NOKI.ST,20090701,07:06:26.391869,2,Quote,,,,,,,,,113.6,2500.0,,,
446,NOKI.ST,20090701,07:06:26.391869,2,Quote,,,,,113.6,2321.0,,,,,,,
447,NOKI.ST,20090701,07:06:26.444211,2,Quote,,,,,,,,,,6647.0,,,
448,NOKI.ST,20090701,07:06:28.825306,2,Quote,,,,,,,,,,14647.0,,,
449,NOKI.ST,20090701,07:06:28.829188,2,Quote,,,,,113.5,2090.0,,,,,,,
450,NOKI.ST,20090701,07:06:28.829188,2,Quote,,,,,,4411.0,,,,,,,
451,NOKI.ST,20090701,07:06:28.829188,2,Quote,,,,,,,,,113.5,4147.0,,,
452,NOKI.ST,20090701,07:06:34.583288,2,Quote,,,,,,,,,113.6,2500.0,,,
453,NOKI.ST,20090701,07:06:34.583288,2,Quote,,,,,113.6,2321.0,,,,,,,
454,NOKI.ST,20090701,07:06:34.583288,2,Quote,,,,,,,,,,6647.0,,,
455,NOKI.ST,20090701,07:06:37.889974,2,Quote,,,,,113.5,2090.0,,,,,,,
456,NOKI.ST,20090701,07:06:37.922780,2,Quote,,,,,,4411.0,,,,,,,
457,NOKI.ST,20090701,07:06:37.922780,2,Quote,,,,,,,,,113.5,4147.0,,,
458,NOKI.ST,20090701,07:06:37.988169,2,Quote,,,,,,,,,113.6,2500.0,,,
459,NOKI.ST,20090701,07:06:37.988169,2,Quote,,,,,113.6,2321.0,,,,,,,
460,NOKI.ST,20090701,07:06:37.988169,2,Quote,,,,,,,,,,6647.0,,,
461,NOKI.ST,20090701,07:06:38.894028,2,Quote,,,,,113.5,2090.0,,,,,,,
462,NOKI.ST,20090701,07:06:38.894028,2,Quote,,,,,,4411.0,,,,,,,
463,NOKI.ST,20090701,07:06:38.894028,2,Quote,,,,,,,,,113.5,4147.0,,,
464,NOKI.ST,20090701,07:06:43.566573,2,Quote,,,,,,,,,113.6,2500.0,,,
465,NOKI.ST,20090701,07:06:43.566573,2,Quote,,,,,113.6,4321.0,,,,,,,
466,NOKI.ST,20090701,07:06:43.566573,2,Quote,,,,,,,,,,6647.0,,,
467,NOKI.ST,20090701,07:06:50.083452,2,Quote,,,,,113.5,2090.0,,,,,,,
468,NOKI.ST,20090701,07:06:50.083452,2,Quote,,,,,,6411.0,,,,,,,
469,NOKI.ST,20090701,07:06:50.083452,2,Quote,,,,,,,,,113.5,6147.0,,,
470,NOKI.ST,20090701,07:06:50.083452,2,Quote,,,,,,,,,,10147.0,,,
471,NOKI.ST,20090701,07:06:50.161898,2,Quote,,,,,,,,,,12647.0,,,
472,NOKI.ST,20090701,07:06:53.330972,2,Quote,,,,,,,,,,8647.0,,,
473,NOKI.ST,20090701,07:06:54.491944,2,Quote,,,,,,,,,,10647.0,,,
474,NOKI.ST,20090701,07:06:54.532162,2,Quote,,,,,,,,,,12647.0,,,
475,NOKI.ST,20090701,07:06:54.532162,2,Quote,,,,,,,,,,10647.0,,,
476,NOKI.ST,20090701,07:06:54.532162,2,Quote,,,,,,,,,,8647.0,,,
477,NOKI.ST,20090701,07:06:54.532162,2,Quote,,,,,113.4,5000.0,,,,,,,
478,NOKI.ST,20090701,07:06:54.532162,2,Quote,,,,,,11411.0,,,,,,,
479,NOKI.ST,20090701,07:06:54.532162,2,Quote,,,,,,,,,113.4,10147.0,,,
480,NOKI.ST,20090701,07:06:54.586025,2,Quote,,,,,,,,,,19647.0,,,
481,NOKI.ST,20090701,07:06:55.177178,2,Quote,,,,,,,,,,17647.0,,,
482,NOKI.ST,20090701,07:06:55.177178,2,Quote,,,,,,,,,,20147.0,,,
483,NOKI.ST,20090701,07:06:55.582086,2,Quote,,,,,,,,,,22147.0,,,
484,NOKI.ST,20090701,07:06:57.882097,2,Quote,,,,,,,,,,20147.0,,,
485,NOKI.ST,20090701,07:06:57.882097,2,Quote,,,,,,,,,,16147.0,,,
486,NOKI.ST,20090701,07:06:57.960031,2,Quote,,,,,,,,,,6647.0,,,
487,NOKI.ST,20090701,07:06:59.613629,2,Quote,,,,,,,,,,8647.0,,,
488,NOKI.ST,20090701,07:06:59.752986,2,Quote,,,,,,,,,,6647.0,,,
489,NOKI.ST,20090701,07:07:00.632619,2,Quote,,,,,,,,,113.6,2000.0,,,
490,NOKI.ST,20090701,07:07:00.632619,2,Quote,,,,,113.6,5321.0,,,,,,,
491,NOKI.ST,20090701,07:07:00.632619,2,Quote,,,,,,,,,,6147.0,,,
492,NOKI.ST,20090701,07:07:00.632619,2,Quote,,,,,113.5,1090.0,,,,,,,
493,NOKI.ST,20090701,07:07:00.632619,2,Quote,,,,,,6411.0,,,,,,,
494,NOKI.ST,20090701,07:07:00.669526,2,Quote,,,,,,,,,113.5,6647.0,,,
495,NOKI.ST,20090701,07:07:02.125534,2,Quote,,,,,,,,,113.6,4000.0,,,
496,NOKI.ST,20090701,07:07:02.180610,2,Quote,,,,,113.6,5321.0,,,,,,,
497,NOKI.ST,20090701,07:07:02.180610,2,Quote,,,,,,,,,,8647.0,,,
498,NOKI.ST,20090701,07:07:02.180610,2,Quote,,,,,,,,,,10647.0,,,
499,NOKI.ST,20090701,07:07:05.498000,2,Quote,,,,,113.5,1090.0,,,,,,,
500,NOKI.ST,20090701,07:07:05.498000,2,Quote,,,,,,6411.0,,,,,,,
501,NOKI.ST,20090701,07:07:05.521833,2,Quote,,,,,,,,,113.5,6647.0,,,
502,NOKI.ST,20090701,07:07:05.521833,2,Quote,,,,,113.4,5000.0,,,,,,,
503,NOKI.ST,20090701,07:07:05.521833,2,Quote,,,,,,11411.0,,,,,,,
504,NOKI.ST,20090701,07:07:05.521833,2,Quote,,,,,,,,,113.4,8147.0,,,
505,NOKI.ST,20090701,07:07:05.521833,2,Quote,,,,,,,,,,10147.0,,,
506,NOKI.ST,20090701,07:07:05.600990,2,Quote,,,,,,,,,,8147.0,,,
507,NOKI.ST,20090701,07:07:05.600990,2,Quote,,,,,,,,,113.5,2500.0,,,
508,NOKI.ST,20090701,07:07:05.600990,2,Quote,,,,,113.5,6411.0,,,,,,,
509,NOKI.ST,20090701,07:07:05.600990,2,Quote,,,,,,,,,,8647.0,,,
510,NOKI.ST,20090701,07:07:05.600990,2,Quote,,,,,113.4,5000.0,,,,,,,
511,NOKI.ST,20090701,07:07:05.600990,2,Quote,,,,,,11411.0,,,,,,,
512,NOKI.ST,20090701,07:07:05.600990,2,Quote,,,,,,,,,113.4,15647.0,,,
513,NOKI.ST,20090701,07:07:05.659739,2,Quote,,,,,,,,,,18147.0,,,
514,NOKI.ST,20090701,07:07:05.659739,2,Quote,,,,,,,,,,8647.0,,,
515,NOKI.ST,20090701,07:07:06.109051,2,Quote,,,,,,,,,,18147.0,,,
516,NOKI.ST,20090701,07:07:06.821299,2,Quote,,,,,,,,,,16147.0,,,
517,NOKI.ST,20090701,07:07:06.821299,2,Quote,,,,,,,,,,6647.0,,,
518,NOKI.ST,20090701,07:07:07.679545,2,Quote,,,,,,,,,113.6,15500.0,,,
519,NOKI.ST,20090701,07:07:07.741544,2,Quote,,,,,113.6,5321.0,,,,,,,
520,NOKI.ST,20090701,07:07:07.741544,2,Quote,,,,,,,,,,19647.0,,,
521,NOKI.ST,20090701,07:07:10.718768,2,Quote,,,,,113.4,5000.0,,,,,,,
522,NOKI.ST,20090701,07:07:10.718768,2,Quote,,,,,,11411.0,,,,,,,
523,NOKI.ST,20090701,07:07:10.718768,2,Quote,,,,,,,,,113.4,6647.0,,,
524,NOKI.ST,20090701,07:07:16.148063,2,Quote,,,,,,,,,113.6,15500.0,,,
525,NOKI.ST,20090701,07:07:16.148063,2,Quote,,,,,113.6,5321.0,,,,,,,
526,NOKI.ST,20090701,07:07:16.148063,2,Quote,,,,,,,,,,19647.0,,,
527,NOKI.ST,20090701,07:07:16.148063,2,Quote,,,,,113.4,5000.0,,,,,,,
528,NOKI.ST,20090701,07:07:16.148063,2,Quote,,,,,,11411.0,,,,,,,
529,NOKI.ST,20090701,07:07:16.174335,2,Quote,,,,,,,,,113.4,6647.0,,,
530,NOKI.ST,20090701,07:07:18.255436,2,Quote,,,,,,,,,113.6,15500.0,,,
531,NOKI.ST,20090701,07:07:18.255436,2,Quote,,,,,113.6,5321.0,,,,,,,
532,NOKI.ST,20090701,07:07:18.255436,2,Quote,,,,,,,,,,19647.0,,,
533,NOKI.ST,20090701,07:07:21.158459,2,Quote,,,,,113.4,5000.0,,,,,,,
534,NOKI.ST,20090701,07:07:21.158459,2,Quote,,,,,,11411.0,,,,,,,
535,NOKI.ST,20090701,07:07:21.158459,2,Quote,,,,,,,,,113.4,6647.0,,,
536,NOKI.ST,20090701,07:07:23.834853,2,Quote,,,,,,,,,113.6,15500.0,,,
537,NOKI.ST,20090701,07:07:23.834853,2,Quote,,,,,113.6,5321.0,,,,,,,
538,NOKI.ST,20090701,07:07:23.834853,2,Quote,,,,,,,,,,19647.0,,,
539,NOKI.ST,20090701,07:07:26.273559,2,Quote,,,,,113.4,5000.0,,,,,,,
540,NOKI.ST,20090701,07:07:26.273559,2,Quote,,,,,,11411.0,,,,,,,
541,NOKI.ST,20090701,07:07:26.273559,2,Quote,,,,,,,,,113.4,6647.0,,,
542,NOKI.ST,20090701,07:07:27.175663,2,Quote,,,,,,,,,,8647.0,,,
543,NOKI.ST,20090701,07:07:28.346575,2,Quote,,,,,,,,,113.5,9500.0,,,
544,NOKI.ST,20090701,07:07:28.346575,2,Quote,,,,,113.5,6411.0,,,,,,,
545,NOKI.ST,20090701,07:07:28.346575,2,Quote,,,,,,,,,,15647.0,,,
546,NOKI.ST,20090701,07:07:29.055157,2,Quote,,,,,,,,,,13647.0,,,
547,NOKI.ST,20090701,07:07:29.109130,2,Quote,,,,,,,,,113.6,6000.0,,,
548,NOKI.ST,20090701,07:07:29.109130,2,Quote,,,,,113.6,5321.0,,,,,,,
549,NOKI.ST,20090701,07:07:29.109130,2,Quote,,,,,,,,,,19647.0,,,
550,NOKI.ST,20090701,07:07:30.791839,2,Quote,,,,,,,,,,17647.0,,,
551,NOKI.ST,20090701,07:07:31.311246,2,Quote,,,,,,,,,,20147.0,,,
552,NOKI.ST,20090701,07:07:36.327035,2,Quote,,,,,,,,,,10647.0,,,
553,NOKI.ST,20090701,07:07:36.966928,2,Quote,,,,,,,,,,8147.0,,,
554,NOKI.ST,20090701,07:07:36.966928,2,Quote,,,,,,,,,,10647.0,,,
555,NOKI.ST,20090701,07:07:39.012718,2,Quote,,,,,,,,,,8147.0,,,
556,NOKI.ST,20090701,07:07:42.084787,2,Quote,,,,,,,,,,10647.0,,,
557,NOKI.ST,20090701,07:07:46.464348,2,Quote,,,,,113.5,1090.0,,,,,,,
558,NOKI.ST,20090701,07:07:46.464348,2,Quote,,,,,,6411.0,,,,,,,
559,NOKI.ST,20090701,07:07:46.464348,2,Quote,,,,,,,,,113.5,6647.0,,,
560,NOKI.ST,20090701,07:08:02.027963,2,Quote,,,,,113.4,5900.0,,,,,,,
561,NOKI.ST,20090701,07:08:02.027963,2,Quote,,,,,,12311.0,,,,,,,
562,NOKI.ST,20090701,07:08:02.030719,2,Quote,,,,,,,,,113.4,8147.0,,,
563,NOKI.ST,20090701,07:08:02.052318,2,Quote,,,,,,,,,,17647.0,,,
564,NOKI.ST,20090701,07:08:02.197674,2,Quote,,,,,,,,,,20147.0,,,
565,NOKI.ST,20090701,07:08:04.200912,2,Quote,,,,,,,,,,22147.0,,,
566,NOKI.ST,20090701,07:08:04.605561,2,Quote,,,,,,,,,,20147.0,,,
567,NOKI.ST,20090701,07:08:04.605561,2,Quote,,,,,,,,,,10647.0,,,
568,NOKI.ST,20090701,07:08:05.306338,2,Quote,,,,,,,,,,8147.0,,,
569,NOKI.ST,20090701,07:08:05.975487,2,Quote,,,,,,,,,113.5,9500.0,,,
570,NOKI.ST,20090701,07:08:05.975487,2,Quote,,,,,113.5,6411.0,,,,,,,
571,NOKI.ST,20090701,07:08:05.975487,2,Quote,,,,,,,,,,13647.0,,,
572,NOKI.ST,20090701,07:08:06.011599,2,Quote,,,,,,,,,113.6,2000.0,,,
573,NOKI.ST,20090701,07:08:06.011599,2,Quote,,,,,113.4,5900.0,,,,,,,
574,NOKI.ST,20090701,07:08:06.011599,2,Quote,,,,,,12311.0,,,,,,,
575,NOKI.ST,20090701,07:08:06.011599,2,Quote,,,,,,,,,113.4,13647.0,,,
576,NOKI.ST,20090701,07:08:06.011599,2,Quote,,,,,,,,,,14697.0,,,
577,NOKI.ST,20090701,07:08:06.057112,2,Quote,,,,,,,,,113.6,2000.0,,,
578,NOKI.ST,20090701,07:08:06.057112,2,Quote,,,,,113.6,5321.0,,,,,,,
579,NOKI.ST,20090701,07:08:06.057112,2,Quote,,,,,,,,,,16697.0,,,
580,NOKI.ST,20090701,07:08:06.170834,2,Quote,,,,,,,,,,14697.0,,,
581,NOKI.ST,20090701,07:08:06.172709,2,Quote,,,,,,,,,,12697.0,,,
582,NOKI.ST,20090701,07:08:06.209630,2,Quote,,,,,,,,,,19597.0,,,
583,NOKI.ST,20090701,07:08:06.209630,2,Quote,,,,,,,,,,23597.0,,,
584,NOKI.ST,20090701,07:08:06.223070,2,Quote,,,,,,,,,,14097.0,,,
585,NOKI.ST,20090701,07:08:06.306002,2,Quote,,,,,,,,,,13047.0,,,
586,NOKI.ST,20090701,07:08:06.445187,2,Quote,,,,,,,,,,14153.0,,,
587,NOKI.ST,20090701,07:08:07.143934,2,Quote,,,,,,,,,,12153.0,,,
588,NOKI.ST,20090701,07:08:07.143934,2,Quote,,,,,113.5,1090.0,,,,,,,
589,NOKI.ST,20090701,07:08:07.143934,2,Quote,,,,,,6411.0,,,,,,,
590,NOKI.ST,20090701,07:08:07.195087,2,Quote,,,,,,,,,113.5,5753.0,,,
591,NOKI.ST,20090701,07:08:11.236965,2,Quote,,,,,,,,,,13753.0,,,
592,NOKI.ST,20090701,07:08:11.236965,2,Quote,,,,,,,,,,20653.0,,,
593,NOKI.ST,20090701,07:08:14.539648,2,Quote,,,,,,,,,,30153.0,,,
594,NOKI.ST,20090701,07:08:18.550269,2,Quote,,,,,,,,,,20653.0,,,
595,NOKI.ST,20090701,07:08:19.410593,2,Quote,,,,,,,,,,18153.0,,,
596,NOKI.ST,20090701,07:08:23.154864,2,Quote,,,,,,,,,,22153.0,,,
597,NOKI.ST,20090701,07:08:23.154864,2,Quote,,,,,113.4,5900.0,,,,,,,
598,NOKI.ST,20090701,07:08:23.154864,2,Quote,,,,,,12311.0,,,,,,,
599,NOKI.ST,20090701,07:08:23.164866,2,Quote,,,,,,,,,113.4,8147.0,,,
600,NOKI.ST,20090701,07:08:23.164866,2,Quote,,,,,,,,,,15047.0,,,
601,NOKI.ST,20090701,07:08:23.201490,2,Quote,,,,,,,,,,24547.0,,,
602,NOKI.ST,20090701,07:08:25.163321,2,Quote,,,,,,,,,,27047.0,,,
603,NOKI.ST,20090701,07:08:25.242075,2,Quote,,,,,,,,,,23047.0,,,
604,NOKI.ST,20090701,07:08:25.242075,2,Quote,,,,,,,,,,21047.0,,,
605,NOKI.ST,20090701,07:08:25.300978,2,Quote,,,,,,,,,,11547.0,,,
606,NOKI.ST,20090701,07:08:27.205423,2,Quote,,,,,,,,,,9047.0,,,
607,NOKI.ST,20090701,07:08:35.038320,2,Quote,,,,,,,,,,11047.0,,,
608,NOKI.ST,20090701,07:08:36.268893,2,Quote,,,,,,,,,,13547.0,,,
609,NOKI.ST,20090701,07:08:37.711709,2,Quote,,,,,,,,,,11547.0,,,
610,NOKI.ST,20090701,07:08:37.734484,2,Quote,,,,,,,,,,13547.0,,,
611,NOKI.ST,20090701,07:08:38.303213,2,Quote,,,,,,,,,,11047.0,,,
612,NOKI.ST,20090701,07:08:50.479866,2,Quote,,,,,,13311.0,,,,,,,
613,NOKI.ST,20090701,07:08:54.345454,2,Quote,,,,,,,,,,12153.0,,,
614,NOKI.ST,20090701,07:08:54.821929,2,Quote,,,,,,,,,,10153.0,,,
615,NOKI.ST,20090701,07:09:03.145991,2,Quote,,,,,0.0,0.0,,,0.0,0.0,,,
616,NOKI.ST,20090701,07:09:03.145991,2,Trade,,113.4,308.0,ENS ,,,,UBS ,,,,15b cYd e f5 g1[ALIAS]; 99[IRGCOND];   [PRC_QL2],07:09:03.000
617,NOKI.ST,20090701,07:09:03.145991,2,Trade,,113.4,92.0,ENS ,,,,SGP ,,,,15b cYd e f5 g1[ALIAS]; 99[IRGCOND];   [PRC_QL2],07:09:03.000
618,NOKI.ST,20090701,07:09:03.145991,2,Trade,,113.4,1000.0,ENS ,,,,SGP ,,,,15b cYd e f5 g1[ALIAS]; 99[IRGCOND];   [PRC_QL2],07:09:03.000
619,NOKI.ST,20090701,07:09:03.145991,2,Trade,,113.4,200.0,ENS ,,,,SGP ,,,,15b cYd e f5 g1[ALIAS]; 99[IRGCOND];   [PRC_QL2],07:09:03.000
620,NOKI.ST,20090701,07:09:03.148637,2,Trade,,113.4,72.0,HQD ,,,,SGP ,,,,15b cYd e f5 g1[ALIAS]; 99[IRGCOND];   [PRC_QL2],07:09:03.000
621,NOKI.ST,20090701,07:09:03.148637,2,Trade,,113.4,72.0,HQD ,,,,SGP ,,,,15b cYd e f5 g1[ALIAS]; 99[IRGCOND];   [PRC_QL2],07:09:03.000
622,NOKI.ST,20090701,07:09:03.148637,2,Trade,,113.4,61.0,HQD ,,,,SGP ,,,,15b cYd e f5 g1[ALIAS]; 99[IRGCOND];   [PRC_QL2],07:09:03.000
623,NOKI.ST,20090701,07:09:03.148637,2,Trade,,113.4,72.0,HQD ,,,,SGP ,,,,15b cYd e f5 g1[ALIAS]; 99[IRGCOND];   [PRC_QL2],07:09:03.000
624,NOKI.ST,20090701,07:09:03.148637,2,Trade,,113.4,72.0,HQD ,,,,SGP ,,,,15b cYd e f5 g1[ALIAS]; 99[IRGCOND];   [PRC_QL2],07:09:03.000
625,NOKI.ST,20090701,07:09:03.148637,2,Trade,,113.4,2.0,HQD ,,,,SGP ,,,,15b cYd e f5 g1[ALIAS]; 99[IRGCOND];   [PRC_QL2],07:09:03.000
626,NOKI.ST,20090701,07:09:03.148637,2,Trade,,113.4,70.0,HQD ,,,,CAR ,,,,15b cYd e f5 g1[ALIAS]; 99[IRGCOND];   [PRC_QL2],07:09:03.000
627,NOKI.ST,20090701,07:09:03.148637,2,Trade,,113.4,126.0,SBN ,,,,CAR ,,,,15b cYd e f5 g1[ALIAS]; 99[IRGCOND];   [PRC_QL2],07:09:03.000
628,NOKI.ST,20090701,07:09:03.148637,2,Trade,,113.4,174.0,SBN ,,,,CAR ,,,,15b cYd e f5 g1[ALIAS]; 99[IRGCOND];   [PRC_QL2],07:09:03.000
629,NOKI.ST,20090701,07:09:03.148637,2,Trade,,113.4,2000.0,SHB ,,,,CAR ,,,,15b cYd e f5 g1[ALIAS]; 99[IRGCOND];   [PRC_QL2],07:09:03.000
630,NOKI.ST,20090701,07:09:03.182123,2,Trade,,113.4,1000.0,SWB ,,,,CAR ,,,,15b cYd e f5 g1[ALIAS]; 99[IRGCOND];   [PRC_QL2],07:09:03.000
631,NOKI.ST,20090701,07:09:03.182123,2,Trade,,113.4,90.0,EPB ,,,,CAR ,,,,15b cYd e f5 g1[ALIAS]; 99[IRGCOND];   [PRC_QL2],07:09:03.000
632,NOKI.ST,20090701,07:09:03.182123,2,Trade,,113.4,1000.0,AVA ,,,,CAR ,,,,15b cYd e f5 g1[ALIAS]; 99[IRGCOND];   [PRC_QL2],07:09:03.000
633,NOKI.ST,20090701,07:09:03.182123,2,Trade,,113.4,1000.0,HQD ,,,,CAR ,,,,15b cYd e f5 g1[ALIAS]; 99[IRGCOND];   [PRC_QL2],07:09:03.000
634,NOKI.ST,20090701,07:09:03.182123,2,Trade,,113.4,1636.0,HQB ,,,,CAR ,,,,15b cYd e f5 g1[ALIAS]; 99[IRGCOND];   [PRC_QL2],07:09:03.000
635,NOKI.ST,20090701,07:09:03.182123,2,Trade,,113.4,1106.0,HQB ,,,,SHB ,,,,15b cYd e f5 g1[ALIAS]; 99[IRGCOND];   [PRC_QL2],07:09:03.000
636,NOKI.ST,20090701,07:09:03.182123,2,Quote,,,,,113.4,2258.0,,,,,,,
637,NOKI.ST,20090701,07:09:03.182123,2,Quote,,,,,,3158.0,,,,,,,
638,NOKI.ST,20090701,07:09:03.195621,2,Quote,,,,,,,,,113.5,8000.0,,,
639,NOKI.ST,20090701,07:09:03.195621,2,Quote,,,,,,,,,,10500.0,,,
640,NOKI.ST,20090701,07:09:03.218163,2,Quote,,,,,,,,,,8500.0,,,
641,NOKI.ST,20090701,07:09:03.218163,2,Quote,,,,,,2521.0,,,,,,,
642,NOKI.ST,20090701,07:09:03.218163,2,Trade,,113.4,637.0,HQB ,,,,SHB ,,,,15b cYd e f6 g1[ALIAS]; 99[IRGCOND];   [PRC_QL2],07:09:03.000
643,NOKI.ST,20090701,07:09:03.239447,2,Quote,,,,,,2921.0,,,,,,,
644,NOKI.ST,20090701,07:09:03.239447,2,Quote,,,,,,2521.0,,,,,,,
645,NOKI.ST,20090701,07:09:03.268693,2,Quote,,,,,,,,,,6000.0,,,
646,NOKI.ST,20090701,07:09:03.271722,2,Quote,,,,,,900.0,,,,,,,
647,NOKI.ST,20090701,07:09:03.271722,2,Quote,,,,,,158.0,,,,,,,
648,NOKI.ST,20090701,07:09:03.271722,2,Trade,,113.4,1621.0,HQB ,,,,SHB ,,,,15b cYd e f6 g1[ALIAS]; 99[IRGCOND];   [PRC_QL2],07:09:03.000
649,NOKI.ST,20090701,07:09:03.271722,2,Trade,,113.4,742.0,AVA ,,,,SHB ,,,,15b cYd e f6 g1[ALIAS]; 99[IRGCOND];   [PRC_QL2],07:09:03.000
650,NOKI.ST,20090701,07:09:04.338645,2,Quote,,,,,,,,,,13989.0,,,
651,NOKI.ST,20090701,07:09:05.168571,2,Quote,,,,,,,,,,18992.0,,,
652,NOKI.ST,20090701,07:09:06.902712,2,Quote,,,,,,,,,,20992.0,,,
653,NOKI.ST,20090701,07:09:13.367346,2,Quote,,,,,113.3,90.0,,,,,,,
654,NOKI.ST,20090701,07:09:13.367346,2,Quote,,,,,,,,,113.4,42.0,,,
655,NOKI.ST,20090701,07:09:13.367346,2,Trade,,113.4,158.0,AVA ,,,,CAR ,,,,15b cYd e f6 g1[ALIAS]; 99[IRGCOND];   [PRC_QL2],07:09:13.000
656,NOKI.ST,20090701,07:09:13.367346,2,Quote,,,,,,,,,113.5,20992.0,,,
657,NOKI.ST,20090701,07:09:13.731291,2,Quote,,,,,,,,,,13003.0,,,
658,NOKI.ST,20090701,07:09:13.731291,2,Quote,,,,,,,,,113.4,1085.0,,,
659,NOKI.ST,20090701,07:09:21.338105,2,Quote,,,,,,,,,,11085.0,,,
660,NOKI.ST,20090701,07:09:21.338105,2,Quote,,,,,,,,,,10000.0,,,
661,NOKI.ST,20090701,07:09:21.402487,2,Quote,,,,,,,,,,21085.0,,,
662,NOKI.ST,20090701,07:09:21.402487,2,Quote,,,,,,,,,,26088.0,,,
663,NOKI.ST,20090701,07:09:21.499438,2,Quote,,,,,,,,,,28588.0,,,
664,NOKI.ST,20090701,07:09:25.454303,2,Quote,,,,,,,,,,26088.0,,,
665,NOKI.ST,20090701,07:09:30.127816,2,Quote,,,,,,,,,,16088.0,,,
666,NOKI.ST,20090701,07:09:30.127816,2,Quote,,,,,,,,,,6511.0,,,
667,NOKI.ST,20090701,07:09:30.339115,2,Quote,,,,,,,,,,1508.0,,,
668,NOKI.ST,20090701,07:09:35.004241,2,Quote,,,,,,,,,,7508.0,,,
669,NOKI.ST,20090701,07:09:35.054723,2,Quote,,,,,,,,,,12511.0,,,
670,NOKI.ST,20090701,07:09:35.119140,2,Quote,,,,,,,,,,15011.0,,,
671,NOKI.ST,20090701,07:09:35.836139,2,Quote,,,,,,,,,,17011.0,,,
672,NOKI.ST,20090701,07:09:38.953092,2,Quote,,,,,,,,,,14511.0,,,
673,NOKI.ST,20090701,07:09:40.250851,2,Quote,,,,,,,,,,14411.0,,,
674,NOKI.ST,20090701,07:09:40.250851,2,Trade,,113.4,100.0,AVA ,,,,CAR ,,,,15b cYd e f6 g1[ALIAS]; 99[IRGCOND];   [PRC_QL2],07:09:40.000
675,NOKI.ST,20090701,07:09:43.463791,2,Quote,,,,,,,,,,14391.0,,,
676,NOKI.ST,20090701,07:09:43.463791,2,Trade,,113.4,20.0,SBN ,,,,CAR ,,,,15b cYd e f6 g1[ALIAS]; 99[IRGCOND];   [PRC_QL2],07:09:43.000
677,NOKI.ST,20090701,07:09:46.194288,2,Quote,,,,,,,,,,23891.0,,,
678,NOKI.ST,20090701,07:09:47.624015,2,Quote,,,,,,,,,,26391.0,,,
679,NOKI.ST,20090701,07:09:48.543962,2,Quote,,,,,,,,,,24391.0,,,
680,NOKI.ST,20090701,07:09:48.543962,2,Quote,,,,,113.2,1130.0,,,,,,,
681,NOKI.ST,20090701,07:09:48.543962,2,Quote,,,,,,,,,113.3,3910.0,,,
682,NOKI.ST,20090701,07:09:48.543962,2,Trade,,113.3,90.0,SWB ,,,,SHB ,,,,15b cYd e f6 g1[ALIAS]; 99[IRGCOND];   [PRC_QL2],07:09:48.000
683,NOKI.ST,20090701,07:09:48.543962,2,Quote,,,,,,,,,,4110.0,,,
684,NOKI.ST,20090701,07:09:48.616920,2,Quote,,,,,,,,,,2200.0,,,
685,NOKI.ST,20090701,07:09:48.616920,2,Quote,,,,,,,,,,7203.0,,,
686,NOKI.ST,20090701,07:09:48.673528,2,Quote,,,,,,,,,,5203.0,,,
687,NOKI.ST,20090701,07:09:48.707806,2,Quote,,,,,,,,,,7203.0,,,
688,NOKI.ST,20090701,07:09:49.189293,2,Quote,,,,,,,,,,2200.0,,,
689,NOKI.ST,20090701,07:09:49.717351,2,Quote,,,,,,,,,,4200.0,,,
690,NOKI.ST,20090701,07:09:49.745566,2,Quote,,,,,,,,,,9203.0,,,
691,NOKI.ST,20090701,07:09:50.043886,2,Quote,,,,,,,,,,11203.0,,,
692,NOKI.ST,20090701,07:09:52.701924,2,Quote,,,,,,,,,,13703.0,,,
693,NOKI.ST,20090701,07:09:53.328564,2,Quote,,,,,,,,,,11703.0,,,
694,NOKI.ST,20090701,07:09:53.328564,2,Quote,,,,,,,,,,9703.0,,,
695,NOKI.ST,20090701,07:09:53.328564,2,Quote,,,,,,,,,,7703.0,,,
696,NOKI.ST,20090701,07:09:53.368010,2,Quote,,,,,,,,,,2700.0,,,
697,NOKI.ST,20090701,07:09:54.700375,2,Quote,,,,,,,,,,200.0,,,
698,NOKI.ST,20090701,07:09:59.541973,2,Quote,,,,,,,,,,290.0,,,
699,NOKI.ST,20090701,07:10:24.753364,2,Quote,,,,,,,,,,12290.0,,,
700,NOKI.ST,20090701,07:10:24.805903,2,Quote,,,,,,,,,,21790.0,,,
701,NOKI.ST,20090701,07:10:24.805903,2,Quote,,,,,,,,,,26793.0,,,
702,NOKI.ST,20090701,07:10:28.416458,2,Quote,,,,,,,,,,17293.0,,,
703,NOKI.ST,20090701,07:10:29.512360,2,Quote,,,,,,,,,,5293.0,,,
704,NOKI.ST,20090701,07:10:29.544383,2,Quote,,,,,,,,,,290.0,,,
705,NOKI.ST,20090701,07:10:33.432267,2,Quote,,,,,,,,,,2290.0,,,
706,NOKI.ST,20090701,07:10:36.998632,2,Quote,,,,,,,,,,290.0,,,
707,NOKI.ST,20090701,07:11:10.294217,2,Quote,,,,,,1330.0,,,,,,,
708,NOKI.ST,20090701,07:11:16.505804,2,Quote,,,,,,1130.0,,,,,,,
709,NOKI.ST,20090701,07:11:16.505804,2,Quote,,,,,,1100.0,,,,,,,
710,NOKI.ST,20090701,07:11:16.505804,2,Quote,,,,,,1069.0,,,,,,,
711,NOKI.ST,20090701,07:11:16.505804,2,Trade,,113.2,200.0,SWB ,,,,SGP ,,,,15b cYd e f6 g1[ALIAS]; 99[IRGCOND];   [PRC_QL2],07:11:16.000
712,NOKI.ST,20090701,07:11:16.510504,2,Trade,,113.2,30.0,NON ,,,,SGP ,,,,15b cYd e f6 g1[ALIAS]; 99[IRGCOND];   [PRC_QL2],07:11:16.000
713,NOKI.ST,20090701,07:11:16.510504,2,Trade,,113.2,31.0,ENS ,,,,SGP ,,,,15b cYd e f6 g1[ALIAS]; 99[IRGCOND];   [PRC_QL2],07:11:16.000
714,NOKI.ST,20090701,07:11:23.290212,2,Quote,,,,,,,,,,218.0,,,
715,NOKI.ST,20090701,07:11:23.290212,2,Trade,,113.3,72.0,HQD ,,,,CAR ,,,,15b cYd e f6 g1[ALIAS]; 99[IRGCOND];   [PRC_QL2],07:11:23.000
716,NOKI.ST,20090701,07:11:23.294178,2,Quote,,,,,,,,,,90.0,,,
717,NOKI.ST,20090701,07:11:30.188485,2,Quote,,,,,,,,,113.5,29228.0,,,
718,NOKI.ST,20090701,07:11:30.188485,2,Quote,,,,,113.3,9910.0,,,,,,,
719,NOKI.ST,20090701,07:11:30.188485,2,Trade,,113.3,90.0,NEO ,,,,EPB ,,,,15b cYd e f6 g1[ALIAS]; 99[IRGCOND];   [PRC_QL2],07:11:30.000
720,NOKI.ST,20090701,07:11:31.671717,2,Quote,,,,,,,,,,21228.0,,,
721,NOKI.ST,20090701,07:11:31.671717,2,Quote,,,,,,,,,,17228.0,,,
722,NOKI.ST,20090701,07:11:31.682706,2,Quote,,,,,,,,,,8478.0,,,
723,NOKI.ST,20090701,07:11:31.682706,2,Quote,,,,,,,,,,5003.0,,,
724,NOKI.ST,20090701,07:11:31.724863,2,Quote,,,,,,,,,113.6,71152.0,,,
725,NOKI.ST,20090701,07:11:31.724863,2,Quote,,,,,,,,,,81152.0,,,
726,NOKI.ST,20090701,07:11:31.724863,2,Quote,,,,,,,,,,82552.0,,,
727,NOKI.ST,20090701,07:11:31.724863,2,Quote,,,,,,,,,,73052.0,,,
728,NOKI.ST,20090701,07:11:31.811542,2,Quote,,,,,,,,,,75052.0,,,
729,NOKI.ST,20090701,07:11:32.353362,2,Quote,,,,,,,,,,69052.0,,,
730,NOKI.ST,20090701,07:11:32.603870,2,Quote,,,,,,,,,,40403.0,,,
731,NOKI.ST,20090701,07:11:32.603870,2,Quote,,,,,,,,,,38403.0,,,
732,NOKI.ST,20090701,07:11:32.603870,2,Quote,,,,,,,,,113.5,798.0,,,
733,NOKI.ST,20090701,07:11:33.918812,2,Quote,,,,,,,,,113.6,37003.0,,,
734,NOKI.ST,20090701,07:11:33.930033,2,Quote,,,,,,,,,,65652.0,,,
735,NOKI.ST,20090701,07:11:33.934950,2,Quote,,,,,,,,,,67652.0,,,
736,NOKI.ST,20090701,07:11:34.041697,2,Quote,,,,,,,,,,65652.0,,,
737,NOKI.ST,20090701,07:11:34.161845,2,Quote,,,,,,,,,,37003.0,,,
738,NOKI.ST,20090701,07:11:34.161845,2,Quote,,,,,,,,,,35003.0,,,
739,NOKI.ST,20090701,07:11:34.161845,2,Quote,,,,,,,,,113.5,220.0,,,
740,NOKI.ST,20090701,07:11:38.944229,2,Quote,,,,,,,,,,10220.0,,,
741,NOKI.ST,20090701,07:11:38.944229,2,Quote,,,,,,,,,,10000.0,,,
742,NOKI.ST,20090701,07:11:38.976590,2,Quote,,,,,,,,,,20220.0,,,
743,NOKI.ST,20090701,07:11:39.024850,2,Quote,,,,,,,,,,25223.0,,,
744,NOKI.ST,20090701,07:11:39.061579,2,Quote,,,,,,,,,,27223.0,,,
745,NOKI.ST,20090701,07:11:39.144531,2,Quote,,,,,,,,,,29223.0,,,
746,NOKI.ST,20090701,07:11:39.262254,2,Quote,,,,,,,,,,27223.0,,,
747,NOKI.ST,20090701,07:11:45.859469,2,Quote,,,,,,,,,,17003.0,,,
748,NOKI.ST,20090701,07:11:45.859469,2,Quote,,,,,,,,,113.4,13862.0,,,
749,NOKI.ST,20090701,07:11:46.439202,2,Quote,,,,,,,,,,387.0,,,
750,NOKI.ST,20090701,07:11:46.450862,2,Quote,,,,,,,,,113.5,5003.0,,,
751,NOKI.ST,20090701,07:11:46.502386,2,Quote,,,,,,,,,113.6,60703.0,,,
752,NOKI.ST,20090701,07:11:46.502386,2,Quote,,,,,,,,,,70703.0,,,
753,NOKI.ST,20090701,07:11:46.544343,2,Quote,,,,,,,,,,68203.0,,,
754,NOKI.ST,20090701,07:11:46.837645,2,Quote,,,,,,,,,,58203.0,,,
755,NOKI.ST,20090701,07:11:49.784514,2,Quote,,,,,,,,,,31003.0,,,
756,NOKI.ST,20090701,07:11:49.801855,2,Quote,,,,,,,,,,7003.0,,,
757,NOKI.ST,20090701,07:11:49.801855,2,Quote,,,,,,,,,113.5,2200.0,,,
758,NOKI.ST,20090701,07:11:52.582590,2,Quote,,,,,,29910.0,,,,,,,
759,NOKI.ST,20090701,07:11:52.582590,2,Quote,,,,,,,,,,1000.0,,,
760,NOKI.ST,20090701,07:11:52.582590,2,Quote,,,,,,,,,113.7,25003.0,,,
761,NOKI.ST,20090701,07:11:52.582590,2,Quote,,,,,,51331.0,,,,,,,
762,NOKI.ST,20090701,07:11:52.595559,2,Quote,,,,,,,,,113.6,8066.0,,,
763,NOKI.ST,20090701,07:11:52.595559,2,Quote,,,,,,56335.0,,,,,,,
764,NOKI.ST,20090701,07:11:52.649439,2,Quote,,,,,,54335.0,,,,,,,
765,NOKI.ST,20090701,07:11:52.649439,2,Quote,,,,,,52598.0,,,,,,,
766,NOKI.ST,20090701,07:11:54.282006,2,Quote,,,,,,55098.0,,,,,,,
767,NOKI.ST,20090701,07:11:55.538542,2,Quote,,,,,113.5,10000.0,,,,,,,
768,NOKI.ST,20090701,07:11:58.406565,2,Quote,,,,,,,,,,1536.0,,,
769,NOKI.ST,20090701,07:12:00.061123,2,Quote,,,,,,,,,113.7,20000.0,,,
770,NOKI.ST,20090701,07:12:00.061123,2,Quote,,,,,,,,,113.6,10506.0,,,
771,NOKI.ST,20090701,07:12:04.454695,2,Quote,,,,,,,,,,8506.0,,,
772,NOKI.ST,20090701,07:12:04.454695,2,Trade,,113.6,2000.0,NEO ,,,,CAR ,,,,15b cYd e f6 g1[ALIAS]; 99[IRGCOND];   [PRC_QL2],07:12:04.000
773,NOKI.ST,20090701,07:12:05.324815,2,Quote,,,,,,9429.0,,,,,,,
774,NOKI.ST,20090701,07:12:05.324815,2,Trade,,113.5,571.0,SWB ,,,,SGP ,,,,15b cYd e f6 g1[ALIAS]; 99[IRGCOND];   [PRC_QL2],07:12:05.000
775,NOKI.ST,20090701,07:12:11.293655,2,Quote,,,,,,8858.0,,,,,,,
776,NOKI.ST,20090701,07:12:11.293655,2,Trade,,113.5,571.0,SWB ,,,,SGP ,,,,15b cYd e f6 g1[ALIAS]; 99[IRGCOND];   [PRC_QL2],07:12:11.000
777,NOKI.ST,20090701,07:12:16.235895,2,Quote,,,,,,6858.0,,,,,,,
778,NOKI.ST,20090701,07:12:16.235895,2,Trade,,113.5,2000.0,SWB ,,,,CAR ,,,,15b cYd e f6 g1[ALIAS]; 99[IRGCOND];   [PRC_QL2],07:12:16.000
779,NOKI.ST,20090701,07:12:17.190109,2,Quote,,,,,,6287.0,,,,,,,
780,NOKI.ST,20090701,07:12:17.190109,2,Trade,,113.5,571.0,SWB ,,,,SGP ,,,,15b cYd e f6 g1[ALIAS]; 99[IRGCOND];   [PRC_QL2],07:12:17.000
781,NOKI.ST,20090701,07:12:17.190109,2,Quote,,,,,,,,,113.7,38203.0,,,
782,NOKI.ST,20090701,07:12:17.208830,2,Quote,,,,,,,,,,65744.0,,,
783,NOKI.ST,20090701,07:12:17.208830,2,Quote,,,,,,,,,,62744.0,,,
784,NOKI.ST,20090701,07:12:18.535785,2,Quote,,,,,,,,,,60244.0,,,
785,NOKI.ST,20090701,07:12:18.619783,2,Quote,,,,,,,,,,60334.0,,,
786,NOKI.ST,20090701,07:12:27.296135,2,Quote,,,,,,4687.0,,,,,,,
787,NOKI.ST,20090701,07:12:27.296135,2,Trade,,113.5,1600.0,SWB ,,,,AVA ,,,,15b cYd e f6 g1[ALIAS]; 99[IRGCOND];   [PRC_QL2],07:12:27.000
788,NOKI.ST,20090701,07:12:27.300225,2,Quote,,,,,,,,,,56334.0,,,
789,NOKI.ST,20090701,07:12:27.300225,2,Quote,,,,,113.3,14914.0,,,,,,,
790,NOKI.ST,20090701,07:12:27.340813,2,Quote,,,,,,,,,113.5,13.0,,,
791,NOKI.ST,20090701,07:12:27.340813,2,Trade,,113.5,4687.0,SWB ,,,,CAR ,,,,15b cYd e f6 g1[ALIAS]; 99[IRGCOND];   [PRC_QL2],07:12:27.000
792,NOKI.ST,20090701,07:12:27.349742,2,Quote,,,,,,,,,113.7,28793.0,,,
793,NOKI.ST,20090701,07:12:27.349742,2,Quote,,,,,,,,,113.5,110.0,,,
794,NOKI.ST,20090701,07:12:27.353873,2,Quote,,,,,,9910.0,,,,,,,
795,NOKI.ST,20090701,07:12:27.708455,2,Quote,,,,,,,,,113.7,31293.0,,,
796,NOKI.ST,20090701,07:12:27.708455,2,Quote,,,,,,,,,113.5,1695.0,,,
797,NOKI.ST,20090701,07:12:28.148878,2,Quote,,,,,,,,,113.7,31293.0,,,
798,NOKI.ST,20090701,07:12:28.154592,2,Quote,,,,,113.6,305.0,,,,,,,
799,NOKI.ST,20090701,07:12:28.154592,2,Trade,,113.5,1695.0,OPV ,,,,CAR ,,,,15b cYd e f6 g1[ALIAS]; 99[IRGCOND];   [PRC_QL2],07:12:28.000
800,NOKI.ST,20090701,07:12:28.170166,2,Quote,,,,,,,,,,29293.0,,,
801,NOKI.ST,20090701,07:12:28.203022,2,Quote,,,,,,,,,,21293.0,,,
802,NOKI.ST,20090701,07:12:28.203022,2,Quote,,,,,,,,,,17293.0,,,
803,NOKI.ST,20090701,07:12:28.203022,2,Quote,,,,,,,,,,15293.0,,,
804,NOKI.ST,20090701,07:12:28.203022,2,Quote,,,,,113.3,11910.0,,,,,,,
805,NOKI.ST,20090701,07:12:28.224003,2,Quote,,,,,,,,,113.6,2000.0,,,
806,NOKI.ST,20090701,07:12:28.267074,2,Quote,,,,,,,,,113.7,13293.0,,,
807,NOKI.ST,20090701,07:12:28.320988,2,Quote,,,,,,,,,,8290.0,,,
808,NOKI.ST,20090701,07:12:28.353132,2,Quote,,,,,,13910.0,,,,,,,
809,NOKI.ST,20090701,07:12:28.415432,2,Quote,,,,,113.4,2000.0,,,,,,,
810,NOKI.ST,20090701,07:12:28.728889,2,Quote,,,,,,,,,,6590.0,,,
811,NOKI.ST,20090701,07:12:29.523784,2,Quote,,,,,,,,,,4090.0,,,
812,NOKI.ST,20090701,07:12:32.274445,2,Quote,,,,,,,,,,6621.0,,,
813,NOKI.ST,20090701,07:12:36.589099,2,Quote,,,,,,,,,113.5,100.0,,,
814,NOKI.ST,20090701,07:12:38.794199,2,Quote,,,,,113.3,11910.0,,,,,,,
815,NOKI.ST,20090701,07:12:41.587328,2,Quote,,,,,,12010.0,,,,,,,
816,NOKI.ST,20090701,07:12:41.860189,2,Quote,,,,,113.4,2000.0,,,,,,,
817,NOKI.ST,20090701,07:12:50.891456,2,Quote,,,,,113.3,12010.0,,,,,,,
818,NOKI.ST,20090701,07:12:51.489381,2,Quote,,,,,113.4,2000.0,,,,,,,
819,NOKI.ST,20090701,07:12:52.173873,2,Quote,,,,,113.3,12010.0,,,,,,,
820,NOKI.ST,20090701,07:12:52.273606,2,Quote,,,,,113.4,2000.0,,,,,,,
821,NOKI.ST,20090701,07:12:52.544633,2,Quote,,,,,113.3,12010.0,,,,,,,
822,NOKI.ST,20090701,07:12:54.336330,2,Quote,,,,,113.4,2000.0,,,,,,,
823,NOKI.ST,20090701,07:12:58.355150,2,Quote,,,,,113.3,13067.0,,,,,,,
824,NOKI.ST,20090701,07:13:01.479616,2,Quote,,,,,113.4,100.0,,,,,,,
825,NOKI.ST,20090701,07:13:02.734924,2,Quote,,,,,,130.0,,,,,,,
826,NOKI.ST,20090701,07:13:06.232114,2,Quote,,,,,,30.0,,,,,,,
827,NOKI.ST,20090701,07:13:06.232114,2,Quote,,,,,113.3,15067.0,,,,,,,
828,NOKI.ST,20090701,07:13:06.276357,2,Quote,,,,,,,,,113.4,870.0,,,
829,NOKI.ST,20090701,07:13:06.276357,2,Trade,,113.4,100.0,NON ,,,,AVA ,,,,15b cYd e f6 g1[ALIAS]; 99[IRGCOND];   [PRC_QL2],07:13:06.000
830,NOKI.ST,20090701,07:13:06.276357,2,Trade,,113.4,30.0,SBN ,,,,AVA ,,,,15b cYd e f6 g1[ALIAS]; 99[IRGCOND];   [PRC_QL2],07:13:06.000
831,NOKI.ST,20090701,07:13:12.413131,2,Quote,,,,,,,,,113.5,100.0,,,
832,NOKI.ST,20090701,07:13:12.413131,2,Trade,,113.4,870.0,SHB ,,,,AVA ,,,,15b cYd e f6 g1[ALIAS]; 99[IRGCOND];   [PRC_QL2],07:13:12.000
833,NOKI.ST,20090701,07:13:12.476299,2,Quote,,,,,113.4,5130.0,,,,,,,
834,NOKI.ST,20090701,07:13:21.479100,2,Quote,,,,,,5630.0,,,,,,,
835,NOKI.ST,20090701,07:13:23.048124,2,Quote,,,,,,,,,,5400.0,,,
836,NOKI.ST,20090701,07:13:23.048124,2,Quote,,,,,,,,,,4346.0,,,
837,NOKI.ST,20090701,07:13:23.154387,2,Quote,,,,,,,,,,1888.0,,,
838,NOKI.ST,20090701,07:13:23.199341,2,Quote,,,,,,,,,,1126.0,,,
839,NOKI.ST,20090701,07:13:26.591861,2,Quote,,,,,,,,,,1216.0,,,
840,NOKI.ST,20090701,07:13:26.978489,2,Quote,,,,,,,,,,1116.0,,,
841,NOKI.ST,20090701,07:13:41.182312,2,Quote,,,,,,,,,,166.0,,,
842,NOKI.ST,20090701,07:13:41.182312,2,Trade,,113.5,950.0,NON ,,,,CAR ,,,,15b cYd e f6 g1[ALIAS]; 99[IRGCOND];   [PRC_QL2],07:13:41.000
843,NOKI.ST,20090701,07:13:41.182312,2,Quote,,,,,,,,,,90.0,,,
844,NOKI.ST,20090701,07:13:41.242409,2,Quote,,,,,,,,,,2201.0,,,
845,NOKI.ST,20090701,07:13:41.242409,2,Quote,,,,,,,,,,1201.0,,,
846,NOKI.ST,20090701,07:13:42.135928,2,Quote,,,,,,7630.0,,,,,,,
847,NOKI.ST,20090701,07:13:57.994030,2,Quote,,,,,,2500.0,,,,,,,
848,NOKI.ST,20090701,07:13:58.671108,2,Quote,,,,,,,,,,1111.0,,,
849,NOKI.ST,20090701,07:13:58.673508,2,Quote,,,,,,,,,113.6,2000.0,,,
850,NOKI.ST,20090701,07:13:58.673508,2,Trade,,113.5,90.0,SHB ,,,,EPB ,,,,15b cYd e f6 g1[ALIAS]; 99[IRGCOND];   [PRC_QL2],07:13:58.000
851,NOKI.ST,20090701,07:13:58.673508,2,Trade,,113.5,1111.0,SHB ,,,,CAR ,,,,15b cYd e f6 g1[ALIAS]; 99[IRGCOND];   [PRC_QL2],07:13:58.000
852,NOKI.ST,20090701,07:13:58.714442,2,Quote,,,,,,,,,113.5,1111.0,,,
853,NOKI.ST,20090701,07:13:58.714442,2,Quote,,,,,,,,,,11.0,,,
854,NOKI.ST,20090701,07:13:58.744370,2,Quote,,,,,,,,,113.6,2000.0,,,
855,NOKI.ST,20090701,07:13:58.744370,2,Trade,,113.5,11.0,SHB ,,,,CAR ,,,,15b cYd e f6 g1[ALIAS]; 99[IRGCOND];   [PRC_QL2],07:13:58.000
856,NOKI.ST,20090701,07:13:58.783839,2,Quote,,,,,,,,,113.5,11.0,,,
857,NOKI.ST,20090701,07:13:58.804792,2,Quote,,,,,,,,,113.6,2000.0,,,
858,NOKI.ST,20090701,07:13:58.804792,2,Trade,,113.5,11.0,SHB ,,,,CAR ,,,,15b cYd e f6 g1[ALIAS]; 99[IRGCOND];   [PRC_QL2],07:13:58.000
859,NOKI.ST,20090701,07:13:58.804792,2,Quote,,,,,,,,,113.5,11.0,,,
860,NOKI.ST,20090701,07:13:58.835166,2,Quote,,,,,,,,,113.6,2000.0,,,
861,NOKI.ST,20090701,07:13:58.835166,2,Trade,,113.5,11.0,SHB ,,,,CAR ,,,,15b cYd e f6 g1[ALIAS]; 99[IRGCOND];   [PRC_QL2],07:13:58.000
862,NOKI.ST,20090701,07:13:58.890300,2,Quote,,,,,,,,,113.5,11.0,,,
863,NOKI.ST,20090701,07:13:58.890300,2,Quote,,,,,,,,,113.6,2000.0,,,
864,NOKI.ST,20090701,07:13:58.890300,2,Trade,,113.5,11.0,SHB ,,,,CAR ,,,,15b cYd e f6 g1[ALIAS]; 99[IRGCOND];   [PRC_QL2],07:13:58.000
865,NOKI.ST,20090701,07:13:58.923426,2,Quote,,,,,,,,,113.5,11.0,,,
866,NOKI.ST,20090701,07:13:59.014632,2,Quote,,,,,,,,,113.6,2000.0,,,
867,NOKI.ST,20090701,07:13:59.014632,2,Trade,,113.5,11.0,SHB ,,,,CAR ,,,,15b cYd e f6 g1[ALIAS]; 99[IRGCOND];   [PRC_QL2],07:13:58.000
868,NOKI.ST,20090701,07:13:59.014632,2,Quote,,,,,,,,,113.5,11.0,,,
869,NOKI.ST,20090701,07:13:59.030792,2,Quote,,,,,,,,,113.6,2000.0,,,
870,NOKI.ST,20090701,07:13:59.030792,2,Trade,,113.5,11.0,SHB ,,,,CAR ,,,,15b cYd e f6 g1[ALIAS]; 99[IRGCOND];   [PRC_QL2],07:13:58.000
871,NOKI.ST,20090701,07:13:59.070096,2,Quote,,,,,,,,,113.5,11.0,,,
872,NOKI.ST,20090701,07:13:59.070096,2,Quote,,,,,,,,,113.6,2000.0,,,
873,NOKI.ST,20090701,07:13:59.070096,2,Trade,,113.5,11.0,SHB ,,,,CAR ,,,,15b cYd e f6 g1[ALIAS]; 99[IRGCOND];   [PRC_QL2],07:13:58.000
874,NOKI.ST,20090701,07:13:59.116878,2,Quote,,,,,,,,,113.5,11.0,,,
875,NOKI.ST,20090701,07:13:59.157484,2,Quote,,,,,,,,,113.6,2000.0,,,
876,NOKI.ST,20090701,07:13:59.157484,2,Trade,,113.5,11.0,SHB ,,,,CAR ,,,,15b cYd e f6 g1[ALIAS]; 99[IRGCOND];   [PRC_QL2],07:13:59.000
877,NOKI.ST,20090701,07:13:59.157484,2,Quote,,,,,,,,,113.5,11.0,,,
878,NOKI.ST,20090701,07:13:59.197484,2,Quote,,,,,,,,,113.6,2000.0,,,
879,NOKI.ST,20090701,07:13:59.197484,2,Trade,,113.5,11.0,SHB ,,,,CAR ,,,,15b cYd e f6 g1[ALIAS]; 99[IRGCOND];   [PRC_QL2],07:13:59.000
880,NOKI.ST,20090701,07:13:59.197484,2,Quote,,,,,,,,,113.5,11.0,,,
881,NOKI.ST,20090701,07:13:59.245327,2,Quote,,,,,,,,,113.6,2000.0,,,
882,NOKI.ST,20090701,07:13:59.245327,2,Trade,,113.5,11.0,SHB ,,,,CAR ,,,,15b cYd e f6 g1[ALIAS]; 99[IRGCOND];   [PRC_QL2],07:13:59.000
883,NOKI.ST,20090701,07:13:59.245327,2,Quote,,,,,,,,,113.5,11.0,,,
884,NOKI.ST,20090701,07:13:59.262852,2,Quote,,,,,,,,,113.6,2000.0,,,
885,NOKI.ST,20090701,07:13:59.266667,2,Trade,,113.5,11.0,SHB ,,,,CAR ,,,,15b cYd e f6 g1[ALIAS]; 99[IRGCOND];   [PRC_QL2],07:13:59.000
886,NOKI.ST,20090701,07:13:59.266667,2,Quote,,,,,,,,,113.5,11.0,,,
887,NOKI.ST,20090701,07:13:59.295335,2,Quote,,,,,,,,,113.6,2000.0,,,
888,NOKI.ST,20090701,07:13:59.295335,2,Trade,,113.5,11.0,SHB ,,,,CAR ,,,,15b cYd e f6 g1[ALIAS]; 99[IRGCOND];   [PRC_QL2],07:13:59.000
889,NOKI.ST,20090701,07:13:59.310011,2,Quote,,,,,,,,,113.5,11.0,,,
890,NOKI.ST,20090701,07:13:59.353703,2,Quote,,,,,,,,,113.6,2000.0,,,
891,NOKI.ST,20090701,07:13:59.353703,2,Trade,,113.5,11.0,SHB ,,,,CAR ,,,,15b cYd e f6 g1[ALIAS]; 99[IRGCOND];   [PRC_QL2],07:13:59.000
892,NOKI.ST,20090701,07:13:59.436119,2,Quote,,,,,113.5,3786.0,,,,,,,
893,NOKI.ST,20090701,07:13:59.448044,2,Quote,,,,,,360.0,,,,,,,
894,NOKI.ST,20090701,07:13:59.448044,2,Trade,,113.5,3426.0,SHB ,,,,SGP ,,,,15b cYd e f6 g1[ALIAS]; 99[IRGCOND];   [PRC_QL2],07:13:59.000
895,NOKI.ST,20090701,07:13:59.481791,2,Quote,,,,,113.4,2500.0,,,,,,,
896,NOKI.ST,20090701,07:13:59.481791,2,Quote,,,,,,,,,113.5,211.0,,,
897,NOKI.ST,20090701,07:13:59.481791,2,Trade,,113.5,360.0,SHB ,,,,SGP ,,,,15b cYd e f6 g1[ALIAS]; 99[IRGCOND];   [PRC_QL2],07:13:59.000
898,NOKI.ST,20090701,07:14:04.468376,2,Quote,,,,,,,,,113.6,2000.0,,,
899,NOKI.ST,20090701,07:14:07.951487,2,Quote,,,,,,,,,,3085.0,,,
900,NOKI.ST,20090701,07:14:11.426319,2,Quote,,,,,,,,,,2000.0,,,
901,NOKI.ST,20090701,07:14:11.597710,2,Quote,,,,,,,,,113.7,27768.0,,,
902,NOKI.ST,20090701,07:14:11.597710,2,Quote,,,,,,,,,,37768.0,,,
903,NOKI.ST,20090701,07:14:11.597710,2,Quote,,,,,,,,,,35768.0,,,
904,NOKI.ST,20090701,07:14:11.597710,2,Quote,,,,,,,,,,33768.0,,,
905,NOKI.ST,20090701,07:14:12.052902,2,Quote,,,,,,,,,,30434.0,,,
906,NOKI.ST,20090701,07:14:12.558997,2,Quote,,,,,113.5,3000.0,,,,,,,
907,NOKI.ST,20090701,07:14:13.561244,2,Quote,,,,,,,,,,39934.0,,,
908,NOKI.ST,20090701,07:14:14.473154,2,Quote,,,,,,,,,,34934.0,,,
909,NOKI.ST,20090701,07:14:15.775979,2,Quote,,,,,,,,,,25434.0,,,
910,NOKI.ST,20090701,07:14:17.463004,2,Quote,,,,,,,,,,34934.0,,,
911,NOKI.ST,20090701,07:14:24.765892,2,Quote,,,,,,,,,,25434.0,,,
912,NOKI.ST,20090701,07:14:26.817769,2,Quote,,,,,113.4,2500.0,,,,,,,
913,NOKI.ST,20090701,07:14:26.817769,2,Trade,,113.5,3000.0,NDS ,,,,CAR ,,,,15b cYd e f6 g1[ALIAS]; 99[IRGCOND];   [PRC_QL2],07:14:26.000
914,NOKI.ST,20090701,07:14:27.526633,2,Quote,,,,,,,,,,34934.0,,,
915,NOKI.ST,20090701,07:14:28.955303,2,Quote,,,,,,,,,,36934.0,,,
916,NOKI.ST,20090701,07:14:28.959110,2,Quote,,,,,,,,,113.6,4000.0,,,
917,NOKI.ST,20090701,07:14:28.959110,2,Quote,,,,,,,,,113.5,5300.0,,,
918,NOKI.ST,20090701,07:14:52.951185,2,Quote,,,,,,,,,113.6,9003.0,,,
919,NOKI.ST,20090701,07:14:52.987479,2,Quote,,,,,,,,,,4000.0,,,
920,NOKI.ST,20090701,07:14:53.230608,2,Quote,,,,,,,,,,2000.0,,,
921,NOKI.ST,20090701,07:14:56.216853,2,Quote,,,,,,,,,113.5,180.0,,,
922,NOKI.ST,20090701,07:15:26.983079,2,Quote,,,,,,,,,113.6,2000.0,,,
923,NOKI.ST,20090701,07:15:26.990049,2,Quote,,,,,113.5,20.0,,,,,,,
924,NOKI.ST,20090701,07:15:26.990049,2,Trade,,113.5,180.0,AVA ,,,,SWB ,,,,15b cYd e f6 g1[ALIAS]; 99[IRGCOND];   [PRC_QL2],07:15:26.000
925,NOKI.ST,20090701,07:15:44.046601,2,Quote,,,,,,,,,,7300.0,,,
926,NOKI.ST,20090701,07:15:44.378648,2,Quote,,,,,,,,,,9300.0,,,
927,NOKI.ST,20090701,07:15:53.274435,2,Quote,,,,,,12020.0,,,,,,,
928,NOKI.ST,20090701,07:16:02.660489,2,Quote,,,,,,,,,,7365.0,,,
929,NOKI.ST,20090701,07:16:10.200938,2,Quote,,,,,,14020.0,,,,,,,
930,NOKI.ST,20090701,07:16:14.525855,2,Quote,,,,,,,,,,8365.0,,,
931,NOKI.ST,20090701,07:16:24.476786,2,Quote,,,,,,,,,,6365.0,,,
932,NOKI.ST,20090701,07:16:24.476786,2,Quote,,,,,,,,,,5365.0,,,
933,NOKI.ST,20090701,07:16:24.476786,2,Trade,,113.6,2000.0,NON ,,,,HQB ,,,,15b cYd e f6 g1[ALIAS]; 99[IRGCOND];   [PRC_QL2],07:16:24.000
934,NOKI.ST,20090701,07:16:24.476786,2,Trade,,113.6,1000.0,NON ,,,,CAR ,,,,15b cYd e f6 g1[ALIAS]; 99[IRGCOND];   [PRC_QL2],07:16:24.000
935,NOKI.ST,20090701,07:16:25.496922,2,Quote,,,,,,13820.0,,,,,,,
936,NOKI.ST,20090701,07:16:25.496922,2,Trade,,113.5,200.0,CAR ,,,,CAR ,,,,15b cYd e f6 g1[ALIAS]; 99[IRGCOND];   [PRC_QL2],07:16:25.000
937,NOKI.ST,20090701,07:16:25.618458,2,Quote,,,,,,13420.0,,,,,,,
938,NOKI.ST,20090701,07:16:25.618458,2,Trade,,113.5,400.0,CAR ,,,,CAR ,,,,15b cYd e f6 g1[ALIAS]; 99[IRGCOND];   [PRC_QL2],07:16:25.000
939,NOKI.ST,20090701,07:16:25.701333,2,Quote,,,,,,5920.0,,,,,,,
940,NOKI.ST,20090701,07:16:25.701333,2,Trade,,113.5,7500.0,CAR ,,,,CAR ,,,,15b cYd e f6 g1[ALIAS]; 99[IRGCOND];   [PRC_QL2],07:16:25.000
941,NOKI.ST,20090701,07:16:28.684395,2,Quote,,,,,,,,,,13365.0,,,
942,NOKI.ST,20090701,07:16:28.684395,2,Quote,,,,,,2020.0,,,,,,,
943,NOKI.ST,20090701,07:16:28.684395,2,Quote,,,,,,2000.0,,,,,,,
944,NOKI.ST,20090701,07:16:28.684395,2,Quote,,,,,,20.0,,,,,,,
945,NOKI.ST,20090701,07:16:28.684395,2,Trade,,113.5,3900.0,CAR ,,,,CAR ,,,,15b cYd e f6 g1[ALIAS]; 99[IRGCOND];   [PRC_QL2],07:16:28.000
946,NOKI.ST,20090701,07:16:28.705602,2,Trade,,113.5,20.0,AVA ,,,,CAR ,,,,15b cYd e f6 g1[ALIAS]; 99[IRGCOND];   [PRC_QL2],07:16:28.000
947,NOKI.ST,20090701,07:16:28.705602,2,Trade,,113.5,1980.0,SBN ,,,,CAR ,,,,15b cYd e f6 g1[ALIAS]; 99[IRGCOND];   [PRC_QL2],07:16:28.000
948,NOKI.ST,20090701,07:16:28.705602,2,Quote,,,,,,,,,,11000.0,,,
949,NOKI.ST,20090701,07:16:28.705602,2,Quote,,,,,113.4,2500.0,,,,,,,
950,NOKI.ST,20090701,07:16:28.717035,2,Quote,,,,,,,,,113.5,8387.0,,,
951,NOKI.ST,20090701,07:16:28.717035,2,Trade,,113.5,20.0,SBN ,,,,CAR ,,,,15b cYd e f6 g1[ALIAS]; 99[IRGCOND];   [PRC_QL2],07:16:28.000
952,NOKI.ST,20090701,07:16:28.951440,2,Quote,,,,,,,,,,6376.0,,,
953,NOKI.ST,20090701,07:16:31.035260,2,Quote,,,,,,4500.0,,,,,,,
954,NOKI.ST,20090701,07:16:36.701286,2,Quote,,,,,,4000.0,,,,,,,
955,NOKI.ST,20090701,07:16:38.097776,2,Quote,,,,,,,,,,1376.0,,,
956,NOKI.ST,20090701,07:16:58.792925,2,Quote,,,,,,2000.0,,,,,,,
957,NOKI.ST,20090701,07:16:58.792925,2,Quote,,,,,,1172.0,,,,,,,
958,NOKI.ST,20090701,07:16:58.792925,2,Trade,,113.4,2000.0,HQB ,,,,HQB ,,,,15b cYd e f6 g1[ALIAS]; 99[IRGCOND];   [PRC_QL2],07:16:58.000
959,NOKI.ST,20090701,07:16:58.796156,2,Trade,,113.4,828.0,SWB ,,,,HQB ,,,,15b cYd e f6 g1[ALIAS]; 99[IRGCOND];   [PRC_QL2],07:16:58.000
960,NOKI.ST,20090701,07:16:59.138604,2,Quote,,,,,,,,,113.6,26003.0,,,
961,NOKI.ST,20090701,07:16:59.138604,2,Quote,,,,,113.5,3624.0,,,,,,,
962,NOKI.ST,20090701,07:16:59.138604,2,Trade,,113.5,1376.0,SWB ,,,,CAR ,,,,15b cYd e f6 g1[ALIAS]; 99[IRGCOND];   [PRC_QL2],07:16:59.000
963,NOKI.ST,20090701,07:16:59.169654,2,Quote,,,,,,,,,,24003.0,,,
964,NOKI.ST,20090701,07:16:59.169654,2,Quote,,,,,113.4,1172.0,,,,,,,
965,NOKI.ST,20090701,07:16:59.169654,2,Quote,,,,,,,,,113.5,3405.0,,,
966,NOKI.ST,20090701,07:16:59.169654,2,Trade,,113.5,3624.0,SWB ,,,,CAR ,,,,15b cYd e f6 g1[ALIAS]; 99[IRGCOND];   [PRC_QL2],07:16:59.000
967,NOKI.ST,20090701,07:16:59.187191,2,Quote,,,,,,,,,,2005.0,,,
968,NOKI.ST,20090701,07:16:59.187191,2,Quote,,,,,,,,,,5605.0,,,
969,NOKI.ST,20090701,07:16:59.187191,2,Quote,,,,,,,,,,2005.0,,,
970,NOKI.ST,20090701,07:16:59.191349,2,Quote,,,,,,,,,,2576.0,,,
971,NOKI.ST,20090701,07:17:04.272431,2,Quote,,,,,,,,,,2005.0,,,
972,NOKI.ST,20090701,07:17:07.005863,2,Quote,,,,,,,,,,1925.0,,,
973,NOKI.ST,20090701,07:17:10.587805,2,Quote,,,,,,,,,113.6,3000.0,,,
974,NOKI.ST,20090701,07:17:10.587805,2,Quote,,,,,113.5,1075.0,,,,,,,
975,NOKI.ST,20090701,07:17:10.594273,2,Trade,,113.5,1925.0,SWB ,,,,CAR ,,,,15b cYd e f6 g1[ALIAS]; 99[IRGCOND];   [PRC_QL2],07:17:10.000
976,NOKI.ST,20090701,07:17:10.621357,2,Quote,,,,,,,,,,4666.0,,,
977,NOKI.ST,20090701,07:17:10.631613,2,Quote,,,,,113.4,1172.0,,,,,,,
978,NOKI.ST,20090701,07:17:10.631613,2,Quote,,,,,,,,,113.5,850.0,,,
979,NOKI.ST,20090701,07:17:10.631613,2,Trade,,113.5,1075.0,SWB ,,,,CAR ,,,,15b cYd e f6 g1[ALIAS]; 99[IRGCOND];   [PRC_QL2],07:17:10.000
980,NOKI.ST,20090701,07:17:10.631613,2,Quote,,,,,,,,,113.6,4666.0,,,
981,NOKI.ST,20090701,07:17:10.649626,2,Quote,,,,,,,,,113.5,571.0,,,
982,NOKI.ST,20090701,07:17:15.691032,2,Quote,,,,,,,,,113.6,4666.0,,,
983,NOKI.ST,20090701,07:17:36.900749,2,Quote,,,,,,,,,,12633.0,,,
984,NOKI.ST,20090701,07:17:44.604658,2,Quote,,,,,,,,,,22633.0,,,
985,NOKI.ST,20090701,07:17:44.626005,2,Quote,,,,,,,,,,14666.0,,,
986,NOKI.ST,20090701,07:17:44.626005,2,Quote,,,,,,,,,113.5,11600.0,,,
987,NOKI.ST,20090701,07:17:44.776775,2,Quote,,,,,,,,,,13600.0,,,
988,NOKI.ST,20090701,07:17:45.448664,2,Quote,,,,,,,,,,11600.0,,,
989,NOKI.ST,20090701,07:17:49.223801,2,Quote,,,,,,1179.0,,,,,,,
990,NOKI.ST,20090701,07:17:54.218514,2,Quote,,,,,,,,,,8600.0,,,
991,NOKI.ST,20090701,07:17:59.600484,2,Quote,,,,,,,,,,8160.0,,,
992,NOKI.ST,20090701,07:17:59.630973,2,Quote,,,,,,,,,113.6,12169.0,,,
993,NOKI.ST,20090701,07:17:59.630973,2,Quote,,,,,,,,,,20329.0,,,
994,NOKI.ST,20090701,07:17:59.685388,2,Quote,,,,,,,,,,15326.0,,,
995,NOKI.ST,20090701,07:17:59.726577,2,Quote,,,,,,,,,,17326.0,,,
996,NOKI.ST,20090701,07:17:59.726577,2,Quote,,,,,,,,,,9166.0,,,
997,NOKI.ST,20090701,07:17:59.726577,2,Quote,,,,,,,,,113.5,2321.0,,,
998,NOKI.ST,20090701,07:17:59.761058,2,Quote,,,,,,,,,,74.0,,,
999,NOKI.ST,20090701,07:17:59.792138,2,Quote,,,,,,,,,113.6,4666.0,,,
1000,NOKI.ST,20090701,07:17:59.792138,2,Quote,,,,,,,,,,12826.0,,,
1001,NOKI.ST,20090701,07:18:00.091752,2,Quote,,,,,,,,,,12446.0,,,
1002,NOKI.ST,20090701,07:18:06.741973,2,Quote,,,,,,,,,,12046.0,,,
1003,NOKI.ST,20090701,07:18:06.741973,2,Trade,,113.6,400.0,ENS ,,,,AVA ,,,,15b cYd e f6 g1[ALIAS]; 99[IRGCOND];   [PRC_QL2],07:18:06.000
1004,NOKI.ST,20090701,07:18:12.403159,2,Quote,,,,,,,,,,10747.0,,,
1005,NOKI.ST,20090701,07:18:12.456818,2,Quote,,,,,,,,,,10746.0,,,
1006,NOKI.ST,20090701,07:18:19.330792,2,Quote,,,,,,39179.0,,,,,,,
1007,NOKI.ST,20090701,07:18:19.330792,2,Quote,,,,,,,,,,4266.0,,,
1008,NOKI.ST,20090701,07:18:19.351426,2,Quote,,,,,,77699.0,,,,,,,
1009,NOKI.ST,20090701,07:18:19.396260,2,Quote,,,,,,77503.0,,,,,,,
1010,NOKI.ST,20090701,07:18:19.396260,2,Quote,,,,,,76837.0,,,,,,,
1011,NOKI.ST,20090701,07:18:19.396260,2,Quote,,,,,,74837.0,,,,,,,
1012,NOKI.ST,20090701,07:18:19.455696,2,Quote,,,,,,74485.0,,,,,,,
1013,NOKI.ST,20090701,07:18:19.599412,2,Quote,,,,,,76485.0,,,,,,,
1014,NOKI.ST,20090701,07:18:19.599412,2,Quote,,,,,,,,,,2266.0,,,
1015,NOKI.ST,20090701,07:18:19.599466,2,Quote,,,,,,,,,,600.0,,,
1016,NOKI.ST,20090701,07:18:19.832104,2,Quote,,,,,,75485.0,,,,,,,
1017,NOKI.ST,20090701,07:18:25.837248,2,Quote,,,,,,81485.0,,,,,,,
1018,NOKI.ST,20090701,07:18:32.602082,2,Quote,,,,,,77485.0,,,,,,,
1019,NOKI.ST,20090701,07:18:32.602082,2,Quote,,,,,,73959.0,,,,,,,
1020,NOKI.ST,20090701,07:18:32.617170,2,Quote,,,,,,59959.0,,,,,,,
1021,NOKI.ST,20090701,07:18:32.617170,2,Quote,,,,,,46386.0,,,,,,,
1022,NOKI.ST,20090701,07:18:32.617170,2,Quote,,,,,,40386.0,,,,,,,
1023,NOKI.ST,20090701,07:18:32.617170,2,Quote,,,,,,34877.0,,,,,,,
1024,NOKI.ST,20090701,07:18:32.655565,2,Quote,,,,,,34071.0,,,,,,,
1025,NOKI.ST,20090701,07:18:33.274106,2,Quote,,,,,,39075.0,,,,,,,
1026,NOKI.ST,20090701,07:18:33.274106,2,Quote,,,,,113.5,2000.0,,,,,,,
1027,NOKI.ST,20090701,07:18:33.317279,2,Quote,,,,,,5343.0,,,,,,,
1028,NOKI.ST,20090701,07:18:33.421613,2,Quote,,,,,,3343.0,,,,,,,
1029,NOKI.ST,20090701,07:18:33.473506,2,Quote,,,,,113.4,27679.0,,,,,,,
1030,NOKI.ST,20090701,07:18:33.473506,2,Quote,,,,,,44481.0,,,,,,,
1031,NOKI.ST,20090701,07:18:33.473506,2,Quote,,,,,,42481.0,,,,,,,
1032,NOKI.ST,20090701,07:18:33.483149,2,Quote,,,,,,40571.0,,,,,,,
1033,NOKI.ST,20090701,07:18:33.654053,2,Quote,,,,,,38571.0,,,,,,,
1034,NOKI.ST,20090701,07:18:33.654053,2,Quote,,,,,,36571.0,,,,,,,
1035,NOKI.ST,20090701,07:18:35.519481,2,Quote,,,,,,34071.0,,,,,,,
1036,NOKI.ST,20090701,07:18:44.229029,2,Quote,,,,,,,,,,690.0,,,
1037,NOKI.ST,20090701,07:18:54.356145,2,Quote,,,,,,32071.0,,,,,,,
1038,NOKI.ST,20090701,07:18:55.508300,2,Quote,,,,,,,,,,2690.0,,,
1039,NOKI.ST,20090701,07:18:57.866370,2,Quote,,,,,,34071.0,,,,,,,
1040,NOKI.ST,20090701,07:18:57.866370,2,Quote,,,,,,,,,,690.0,,,
1041,NOKI.ST,20090701,07:18:57.991721,2,Quote,,,,,,39075.0,,,,,,,
1042,NOKI.ST,20090701,07:18:58.029669,2,Quote,,,,,,,,,,798.0,,,
1043,NOKI.ST,20090701,07:18:59.803203,2,Quote,,,,,113.5,1000.0,,,,,,,
1044,NOKI.ST,20090701,07:19:08.300186,2,Quote,,,,,,,,,,2798.0,,,
1045,NOKI.ST,20090701,07:19:08.445713,2,Quote,,,,,,,,,,798.0,,,
1046,NOKI.ST,20090701,07:19:08.587571,2,Quote,,,,,,,,,,2798.0,,,
1047,NOKI.ST,20090701,07:19:12.325879,2,Quote,,,,,,,,,,798.0,,,
1048,NOKI.ST,20090701,07:19:33.016729,2,Quote,,,,,,,,,,2798.0,,,
1049,NOKI.ST,20090701,07:19:38.654355,2,Quote,,,,,,,,,,798.0,,,
1050,NOKI.ST,20090701,07:19:39.830709,2,Quote,,,,,,,,,,2798.0,,,
1051,NOKI.ST,20090701,07:19:47.183590,2,Quote,,,,,,,,,,4798.0,,,
1052,NOKI.ST,20090701,07:19:47.183590,2,Quote,,,,,,,,,,7609.0,,,
1053,NOKI.ST,20090701,07:19:47.222183,2,Quote,,,,,,,,,,11609.0,,,
1054,NOKI.ST,20090701,07:19:47.226495,2,Quote,,,,,,,,,,9609.0,,,
1055,NOKI.ST,20090701,07:19:49.525117,2,Quote,,,,,,,,,,7609.0,,,
1056,NOKI.ST,20090701,07:19:49.525117,2,Quote,,,,,,,,,,5609.0,,,
1057,NOKI.ST,20090701,07:19:49.525117,2,Quote,,,,,,,,,,3186.0,,,
1058,NOKI.ST,20090701,07:19:51.618960,2,Quote,,,,,,,,,,4479.0,,,
1059,NOKI.ST,20090701,07:19:51.918102,2,Quote,,,,,,,,,,4379.0,,,
1060,NOKI.ST,20090701,07:19:54.284810,2,Quote,,,,,,,,,,4279.0,,,
1061,NOKI.ST,20090701,07:19:54.378159,2,Quote,,,,,,,,,,4179.0,,,
1062,NOKI.ST,20090701,07:19:54.487748,2,Quote,,,,,,,,,,4091.0,,,
1063,NOKI.ST,20090701,07:19:54.958856,2,Quote,,,,,,,,,,4005.0,,,
1064,NOKI.ST,20090701,07:19:54.958856,2,Trade,,113.6,86.0,AVA ,,,,AVA ,,,,15b cYd e f6 g1[ALIAS]; 99[IRGCOND];   [PRC_QL2],07:19:54.000
1065,NOKI.ST,20090701,07:19:55.291871,2,Quote,,,,,,,,,,2005.0,,,
1066,NOKI.ST,20090701,07:20:00.115064,2,Quote,,,,,,,,,,2095.0,,,
1067,NOKI.ST,20090701,07:20:00.201698,2,Quote,,,,,,,,,,4095.0,,,
1068,NOKI.ST,20090701,07:20:01.332953,2,Quote,,,,,,,,,,2095.0,,,
1069,NOKI.ST,20090701,07:20:04.879698,2,Quote,,,,,,,,,,4095.0,,,
1070,NOKI.ST,20090701,07:20:10.894896,2,Quote,,,,,,,,,,2095.0,,,
1071,NOKI.ST,20090701,07:20:27.474383,2,Quote,,,,,,,,,,4095.0,,,
1072,NOKI.ST,20090701,07:20:27.710503,2,Quote,,,,,,,,,,22419.0,,,
1073,NOKI.ST,20090701,07:20:35.047705,2,Quote,,,,,,,,,,24419.0,,,
1074,NOKI.ST,20090701,07:20:35.054889,2,Quote,,,,,113.4,1179.0,,,,,,,
1075,NOKI.ST,20090701,07:20:35.054889,2,Quote,,,,,113.5,1000.0,,,,,,,
1076,NOKI.ST,20090701,07:20:35.054889,2,Trade,,113.5,1000.0,NDS ,,,,CAR ,,,,15b cYd e f6 g1[ALIAS]; 99[IRGCOND];   [PRC_QL2],07:20:34.000
1077,NOKI.ST,20090701,07:20:35.054889,2,Quote,,,,,,,,,,6095.0,,,
1078,NOKI.ST,20090701,07:20:35.067132,2,Quote,,,,,,800.0,,,,,,,
1079,NOKI.ST,20090701,07:20:35.067132,2,Trade,,113.5,3200.0,NDS ,,,,CAR ,,,,15b cYd e f6 g1[ALIAS]; 99[IRGCOND];   [PRC_QL2],07:20:34.000
1080,NOKI.ST,20090701,07:20:35.067132,2,Quote,,,,,113.4,1179.0,,,,,,,
1081,NOKI.ST,20090701,07:20:35.067132,2,Quote,,,,,,,,,113.5,200.0,,,
1082,NOKI.ST,20090701,07:20:35.067132,2,Trade,,113.5,800.0,NDS ,,,,CAR ,,,,15b cYd e f6 g1[ALIAS]; 99[IRGCOND];   [PRC_QL2],07:20:34.000
1083,NOKI.ST,20090701,07:20:48.999634,2,Quote,,,,,,1479.0,,,,,,,
1084,NOKI.ST,20090701,07:21:30.289095,2,Quote,,,,,,,,,113.6,42095.0,,,
1085,NOKI.ST,20090701,07:21:30.289095,2,Quote,,,,,113.5,800.0,,,,,,,
1086,NOKI.ST,20090701,07:21:30.289095,2,Trade,,113.5,200.0,REM ,,,,CAR ,,,,15b cYd e f6 g1[ALIAS]; 99[IRGCOND];   [PRC_QL2],07:21:30.000
1087,NOKI.ST,20090701,07:21:30.289095,2,Quote,,,,,,,,,,52095.0,,,
1088,NOKI.ST,20090701,07:21:30.289095,2,Quote,,,,,,,,,,48095.0,,,
1089,NOKI.ST,20090701,07:21:30.289095,2,Quote,,,,,,,,,,87128.0,,,
1090,NOKI.ST,20090701,07:21:30.289095,2,Quote,,,,,,,,,,83928.0,,,
1091,NOKI.ST,20090701,07:21:31.041190,2,Quote,,,,,,,,,,88931.0,,,
1092,NOKI.ST,20090701,07:21:34.970939,2,Quote,,,,,,,,,,83928.0,,,
1093,NOKI.ST,20090701,07:21:38.256870,2,Quote,,,,,,,,,,83287.0,,,
1094,NOKI.ST,20090701,07:21:40.610357,2,Quote,,,,,,872.0,,,,,,,
1095,NOKI.ST,20090701,07:21:41.660425,2,Quote,,,,,,4872.0,,,,,,,
1096,NOKI.ST,20090701,07:21:45.755895,2,Quote,,,,,,4072.0,,,,,,,
1097,NOKI.ST,20090701,07:21:45.755895,2,Trade,,113.5,800.0,REM ,,,,SHB ,,,,15b cYd e f6 g1[ALIAS]; 99[IRGCOND];   [PRC_QL2],07:21:45.000
1098,NOKI.ST,20090701,07:21:45.852357,2,Quote,,,,,,4000.0,,,,,,,
1099,NOKI.ST,20090701,07:21:45.852357,2,Quote,,,,,,2028.0,,,,,,,
1100,NOKI.ST,20090701,07:21:45.852357,2,Trade,,113.5,72.0,HQD ,,,,SHB ,,,,15b cYd e f6 g1[ALIAS]; 99[IRGCOND];   [PRC_QL2],07:21:45.000
1101,NOKI.ST,20090701,07:21:45.852357,2,Trade,,113.5,1972.0,SWB ,,,,SHB ,,,,15b cYd e f6 g1[ALIAS]; 99[IRGCOND];   [PRC_QL2],07:21:45.000
1102,NOKI.ST,20090701,07:21:46.464724,2,Quote,,,,,,1528.0,,,,,,,
1103,NOKI.ST,20090701,07:21:46.464724,2,Trade,,113.5,500.0,SWB ,,,,CAR ,,,,15b cYd e f6 g1[ALIAS]; 99[IRGCOND];   [PRC_QL2],07:21:46.000
1104,NOKI.ST,20090701,07:21:49.193182,2,Quote,,,,,,,,,,61287.0,,,
1105,NOKI.ST,20090701,07:21:49.193182,2,Quote,,,,,,,,,,49287.0,,,
1106,NOKI.ST,20090701,07:21:49.193182,2,Quote,,,,,,,,,,29518.0,,,
1107,NOKI.ST,20090701,07:21:49.251584,2,Quote,,,,,,,,,,14950.0,,,
1108,NOKI.ST,20090701,07:21:49.251584,2,Quote,,,,,,,,,,14095.0,,,
1109,NOKI.ST,20090701,07:21:49.251584,2,Quote,,,,,,,,,,20095.0,,,
1110,NOKI.ST,20090701,07:21:49.262551,2,Quote,,,,,,,,,,26250.0,,,
1111,NOKI.ST,20090701,07:21:49.351687,2,Quote,,,,,,,,,,28250.0,,,
1112,NOKI.ST,20090701,07:21:51.847486,2,Quote,,,,,,,,,,26250.0,,,
1113,NOKI.ST,20090701,07:21:52.240567,2,Quote,,,,,,3528.0,,,,,,,
1114,NOKI.ST,20090701,07:21:52.675243,2,Quote,,,,,,,,,,20250.0,,,
1115,NOKI.ST,20090701,07:21:52.675243,2,Quote,,,,,,,,,,14151.0,,,
1116,NOKI.ST,20090701,07:21:52.675243,2,Quote,,,,,,,,,,14095.0,,,
1117,NOKI.ST,20090701,07:21:52.719001,2,Quote,,,,,,,,,,16095.0,,,
1118,NOKI.ST,20090701,07:21:52.744875,2,Quote,,,,,,,,,,19736.0,,,
1119,NOKI.ST,20090701,07:21:52.763145,2,Quote,,,,,,,,,,17736.0,,,
1120,NOKI.ST,20090701,07:21:52.763145,2,Quote,,,,,,,,,,15893.0,,,
1121,NOKI.ST,20090701,07:21:53.428606,2,Quote,,,,,,,,,,14293.0,,,
1122,NOKI.ST,20090701,07:21:53.488291,2,Quote,,,,,,,,,,14095.0,,,
1123,NOKI.ST,20090701,07:21:53.674635,2,Quote,,,,,,,,,,12095.0,,,
1124,NOKI.ST,20090701,07:21:55.163840,2,Quote,,,,,,,,,,4122.0,,,
1125,NOKI.ST,20090701,07:21:55.517993,2,Quote,,,,,,,,,,3122.0,,,
1126,NOKI.ST,20090701,07:21:55.668765,2,Quote,,,,,,,,,,2095.0,,,
1127,NOKI.ST,20090701,07:21:59.646964,2,Quote,,,,,,,,,,2005.0,,,
1128,NOKI.ST,20090701,07:22:21.319837,2,Quote,,,,,,11178.0,,,,,,,
1129,NOKI.ST,20090701,07:22:21.450389,2,Quote,,,,,,13178.0,,,,,,,
1130,NOKI.ST,20090701,07:22:23.897563,2,Quote,,,,,,11178.0,,,,,,,
1131,NOKI.ST,20090701,07:22:24.496406,2,Quote,,,,,,,,,,1491.0,,,
1132,NOKI.ST,20090701,07:22:24.496406,2,Quote,,,,,,,,,,1401.0,,,
1133,NOKI.ST,20090701,07:22:24.496406,2,Quote,,,,,,,,,,1293.0,,,
1134,NOKI.ST,20090701,07:22:24.496406,2,Quote,,,,,,,,,,5.0,,,
1135,NOKI.ST,20090701,07:22:24.496406,2,Trade,,113.6,514.0,ENS ,,,,AVA ,,,,15b cYd e f6 g1[ALIAS]; 99[IRGCOND];   [PRC_QL2],07:22:24.000
1136,NOKI.ST,20090701,07:22:24.496406,2,Trade,,113.6,90.0,ENS ,,,,EPB ,,,,15b cYd e f6 g1[ALIAS]; 99[IRGCOND];   [PRC_QL2],07:22:24.000
1137,NOKI.ST,20090701,07:22:24.496406,2,Trade,,113.6,108.0,ENS ,,,,EPB ,,,,15b cYd e f6 g1[ALIAS]; 99[IRGCOND];   [PRC_QL2],07:22:24.000
1138,NOKI.ST,20090701,07:22:24.553430,2,Trade,,113.6,1288.0,ENS ,,,,MLI ,,,,15b cYd e f6 g1[ALIAS]; 99[IRGCOND];   [PRC_QL2],07:22:24.000
1139,NOKI.ST,20090701,07:22:24.585474,2,Quote,,,,,,5828.0,,,,,,,
1140,NOKI.ST,20090701,07:22:24.585474,2,Quote,,,,,,3528.0,,,,,,,
1141,NOKI.ST,20090701,07:22:24.828821,2,Quote,,,,,,1528.0,,,,,,,
1142,NOKI.ST,20090701,07:22:25.563018,2,Quote,,,,,,3528.0,,,,,,,
1143,NOKI.ST,20090701,07:22:27.614911,2,Quote,,,,,,,,,,150.0,,,
1144,NOKI.ST,20090701,07:22:27.829600,2,Quote,,,,,,4028.0,,,,,,,
1145,NOKI.ST,20090701,07:22:27.969171,2,Quote,,,,,,3528.0,,,,,,,
1146,NOKI.ST,20090701,07:22:30.403106,2,Quote,,,,,,4828.0,,,,,,,
1147,NOKI.ST,20090701,07:22:32.038690,2,Quote,,,,,,,,,,145.0,,,
1148,NOKI.ST,20090701,07:22:32.038690,2,Quote,,,,,,,,,113.8,8000.0,,,
1149,NOKI.ST,20090701,07:22:32.038690,2,Quote,,,,,113.6,150.0,,,,,,,
1150,NOKI.ST,20090701,07:22:32.038690,2,Trade,,113.6,5.0,SBN ,,,,MLI ,,,,15b cYd e f6 g1[ALIAS]; 99[IRGCOND];   [PRC_QL2],07:22:31.000
1151,NOKI.ST,20090701,07:22:32.038690,2,Trade,,113.6,145.0,SBN ,,,,EPB ,,,,15b cYd e f6 g1[ALIAS]; 99[IRGCOND];   [PRC_QL2],07:22:31.000
1152,NOKI.ST,20090701,07:22:32.092434,2,Quote,,,,,,,,,113.7,1681.0,,,
1153,NOKI.ST,20090701,07:22:37.979333,2,Quote,,,,,,2150.0,,,,,,,
1154,NOKI.ST,20090701,07:22:38.028382,2,Quote,,,,,,,,,113.8,1100.0,,,
1155,NOKI.ST,20090701,07:22:38.028382,2,Quote,,,,,,,,,,11100.0,,,
1156,NOKI.ST,20090701,07:22:38.333652,2,Quote,,,,,,,,,,10000.0,,,
1157,NOKI.ST,20090701,07:22:38.602120,2,Quote,,,,,,,,,,9524.0,,,
1158,NOKI.ST,20090701,07:22:40.113184,2,Quote,,,,,,150.0,,,,,,,
1159,NOKI.ST,20090701,07:22:40.294324,2,Quote,,,,,,10150.0,,,,,,,
1160,NOKI.ST,20090701,07:22:40.410560,2,Quote,,,,,,6996.0,,,,,,,
1161,NOKI.ST,20090701,07:22:40.410560,2,Quote,,,,,,8996.0,,,,,,,
1162,NOKI.ST,20090701,07:22:46.349859,2,Quote,,,,,,3996.0,,,,,,,
1163,NOKI.ST,20090701,07:22:52.467275,2,Quote,,,,,,,,,113.7,1000.0,,,
1164,NOKI.ST,20090701,07:23:05.699834,2,Quote,,,,,,2753.0,,,,,,,
1165,NOKI.ST,20090701,07:23:05.750950,2,Quote,,,,,,2150.0,,,,,,,
1166,NOKI.ST,20090701,07:23:06.049417,2,Quote,,,,,,150.0,,,,,,,
1167,NOKI.ST,20090701,07:23:07.044846,2,Quote,,,,,,,,,113.8,9524.0,,,
1168,NOKI.ST,20090701,07:23:07.044846,2,Trade,,113.7,1000.0,SGP ,,,,AVA ,,,,15b cYd e f6 g1[ALIAS]; 99[IRGCOND];   [PRC_QL2],07:23:06.000
1169,NOKI.ST,20090701,07:23:07.062354,2,Quote,,,,,,,,,,4069.0,,,
1170,NOKI.ST,20090701,07:23:07.109540,2,Quote,,,,,,2150.0,,,,,,,
1171,NOKI.ST,20090701,07:23:07.373121,2,Quote,,,,,,,,,113.9,5295.0,,,
1172,NOKI.ST,20090701,07:23:07.373121,2,Quote,,,,,,8081.0,,,,,,,
1173,NOKI.ST,20090701,07:23:10.026149,2,Quote,,,,,,2150.0,,,,,,,
1174,NOKI.ST,20090701,07:23:10.109314,2,Quote,,,,,,150.0,,,,,,,
1175,NOKI.ST,20090701,07:23:11.615134,2,Quote,,,,,,650.0,,,,,,,
1176,NOKI.ST,20090701,07:23:11.872800,2,Quote,,,,,,2650.0,,,,,,,
1177,NOKI.ST,20090701,07:23:13.338961,2,Quote,,,,,,14650.0,,,,,,,
1178,NOKI.ST,20090701,07:23:13.364341,2,Quote,,,,,,14150.0,,,,,,,
1179,NOKI.ST,20090701,07:23:13.364341,2,Quote,,,,,,,,,,2900.0,,,
1180,NOKI.ST,20090701,07:23:13.364341,2,Quote,,,,,113.7,12605.0,,,,,,,
1181,NOKI.ST,20090701,07:23:14.030492,2,Quote,,,,,,6828.0,,,,,,,
1182,NOKI.ST,20090701,07:23:14.111051,2,Quote,,,,,,,,,,900.0,,,
1183,NOKI.ST,20090701,07:23:14.111051,2,Quote,,,,,,8828.0,,,,,,,
1184,NOKI.ST,20090701,07:23:15.250597,2,Quote,,,,,,7246.0,,,,,,,
1185,NOKI.ST,20090701,07:23:15.422722,2,Quote,,,,,,2000.0,,,,,,,
1186,NOKI.ST,20090701,07:23:15.441414,2,Quote,,,,,,,,,,5654.0,,,
1187,NOKI.ST,20090701,07:23:15.529239,2,Quote,,,,,113.6,5650.0,,,,,,,
1188,NOKI.ST,20090701,07:23:15.529239,2,Quote,,,,,,,,,,7654.0,,,
1189,NOKI.ST,20090701,07:23:15.547554,2,Quote,,,,,,15650.0,,,,,,,
1190,NOKI.ST,20090701,07:23:15.559308,2,Quote,,,,,,13650.0,,,,,,,
1191,NOKI.ST,20090701,07:23:15.675640,2,Quote,,,,,,13150.0,,,,,,,
1192,NOKI.ST,20090701,07:23:15.675640,2,Quote,,,,,,16450.0,,,,,,,
1193,NOKI.ST,20090701,07:23:15.675640,2,Quote,,,,,,13650.0,,,,,,,
1194,NOKI.ST,20090701,07:23:15.781400,2,Quote,,,,,,13150.0,,,,,,,
1195,NOKI.ST,20090701,07:23:15.781400,2,Quote,,,,,,16550.0,,,,,,,
1196,NOKI.ST,20090701,07:23:15.874019,2,Quote,,,,,113.7,500.0,,,,,,,
1197,NOKI.ST,20090701,07:23:17.302740,2,Quote,,,,,,,,,,3514.0,,,
1198,NOKI.ST,20090701,07:23:17.410158,2,Quote,,,,,,,,,,2900.0,,,
1199,NOKI.ST,20090701,07:23:17.410158,2,Quote,,,,,,,,,,5900.0,,,
1200,NOKI.ST,20090701,07:23:17.463993,2,Quote,,,,,,,,,,5108.0,,,
1201,NOKI.ST,20090701,07:23:20.117188,2,Quote,,,,,113.8,1000.0,,,,,,,
1202,NOKI.ST,20090701,07:23:24.713781,2,Quote,,,,,,,,,,2900.0,,,
1203,NOKI.ST,20090701,07:23:24.929726,2,Quote,,,,,,,,,,900.0,,,
1204,NOKI.ST,20090701,07:23:38.671405,2,Quote,,,,,,,,,114.0,9231.0,,,
1205,NOKI.ST,20090701,07:23:38.671405,2,Quote,,,,,113.9,100.0,,,,,,,
1206,NOKI.ST,20090701,07:23:38.671405,2,Trade,,113.9,900.0,OHM ,,,,AVA ,,,,15b cYd e f6 g1[ALIAS]; 99[IRGCOND];   [PRC_QL2],07:23:38.000
1207,NOKI.ST,20090701,07:23:40.661073,2,Quote,,,,,,,,,,8628.0,,,
1208,NOKI.ST,20090701,07:23:41.552033,2,Quote,,,,,,,,,,8128.0,,,
1209,NOKI.ST,20090701,07:23:42.770367,2,Quote,,,,,,600.0,,,,,,,
1210,NOKI.ST,20090701,07:23:44.483198,2,Quote,,,,,,500.0,,,,,,,
1211,NOKI.ST,20090701,07:23:44.483198,2,Trade,,113.9,100.0,OHM ,,,,CAR ,,,,15b cYd e f6 g1[ALIAS]; 99[IRGCOND];   [PRC_QL2],07:23:44.000
1212,NOKI.ST,20090701,07:23:44.543132,2,Quote,,,,,,,,,,2000.0,,,
1213,NOKI.ST,20090701,07:23:44.543132,2,Quote,,,,,,,,,114.1,27003.0,,,
1214,NOKI.ST,20090701,07:23:44.543132,2,Quote,,,,,114.0,1872.0,,,,,,,
1215,NOKI.ST,20090701,07:23:44.543132,2,Trade,,114.0,6128.0,EPB ,,,,CAR ,,,,15b cYd e f6 g1[ALIAS]; 99[IRGCOND];   [PRC_QL2],07:23:44.000
1216,NOKI.ST,20090701,07:23:44.564266,2,Trade,,114.0,2000.0,EPB ,,,,OPV ,,,,15b cYd e f6 g1[ALIAS]; 99[IRGCOND];   [PRC_QL2],07:23:44.000
1217,NOKI.ST,20090701,07:23:44.591202,2,Quote,,,,,,,,,,23003.0,,,
1218,NOKI.ST,20090701,07:23:44.591202,2,Quote,,,,,,,,,,21003.0,,,
1219,NOKI.ST,20090701,07:23:44.591202,2,Quote,,,,,113.9,500.0,,,,,,,
1220,NOKI.ST,20090701,07:23:44.591202,2,Quote,,,,,,,,,114.0,9611.0,,,
1221,NOKI.ST,20090701,07:23:44.596866,2,Trade,,114.0,1872.0,EPB ,,,,CAR ,,,,15b cYd e f6 g1[ALIAS]; 99[IRGCOND];   [PRC_QL2],07:23:44.000
1222,NOKI.ST,20090701,07:23:44.596866,2,Quote,,,,,,,,,,3511.0,,,
1223,NOKI.ST,20090701,07:23:44.628672,2,Quote,,,,,113.7,2000.0,,,,,,,
1224,NOKI.ST,20090701,07:23:44.628672,2,Quote,,,,,,,,,113.9,1400.0,,,
1225,NOKI.ST,20090701,07:23:44.628672,2,Trade,,113.9,500.0,NON ,,,,CAR ,,,,15b cYd e f6 g1[ALIAS]; 99[IRGCOND];   [PRC_QL2],07:23:44.000
1226,NOKI.ST,20090701,07:23:45.268537,2,Quote,,,,,113.8,2000.0,,,,,,,
1227,NOKI.ST,20090701,07:23:49.762435,2,Quote,,,,,,,,,114.1,8000.0,,,
1228,NOKI.ST,20090701,07:23:49.762435,2,Trade,,113.9,1400.0,SHB ,,,,CAR ,,,,15b cYd e f6 g1[ALIAS]; 99[IRGCOND];   [PRC_QL2],07:23:49.000
1229,NOKI.ST,20090701,07:23:49.773184,2,Quote,,,,,,,,,,14258.0,,,
1230,NOKI.ST,20090701,07:23:49.773184,2,Quote,,,,,,,,,,15658.0,,,
1231,NOKI.ST,20090701,07:23:49.773184,2,Quote,,,,,,,,,,14258.0,,,
1232,NOKI.ST,20090701,07:23:49.836611,2,Quote,,,,,113.9,1600.0,,,,,,,
1233,NOKI.ST,20090701,07:23:53.338581,2,Quote,,,,,,,,,,8258.0,,,
1234,NOKI.ST,20090701,07:23:53.360061,2,Quote,,,,,,,,,,2000.0,,,
1235,NOKI.ST,20090701,07:23:53.478671,2,Quote,,,,,,,,,114.2,106000.0,,,
1236,NOKI.ST,20090701,07:23:53.478671,2,Quote,,,,,,,,,,116000.0,,,
1237,NOKI.ST,20090701,07:23:53.478671,2,Quote,,,,,,,,,,114000.0,,,
1238,NOKI.ST,20090701,07:23:53.743843,2,Quote,,,,,,3600.0,,,,,,,
1239,NOKI.ST,20090701,07:23:55.025137,2,Quote,,,,,,,,,,119003.0,,,
1240,NOKI.ST,20090701,07:23:55.121265,2,Quote,,,,,,1600.0,,,,,,,
1241,NOKI.ST,20090701,07:23:55.729893,2,Quote,,,,,,,,,,117003.0,,,
1242,NOKI.ST,20090701,07:23:56.912257,2,Quote,,,,,,,,,,103003.0,,,
1243,NOKI.ST,20090701,07:23:56.912257,2,Quote,,,,,,,,,,89327.0,,,
1244,NOKI.ST,20090701,07:23:57.224379,2,Quote,,,,,,,,,,87327.0,,,
1245,NOKI.ST,20090701,07:23:57.224379,2,Quote,,,,,,,,,,86956.0,,,
1246,NOKI.ST,20090701,07:23:58.625787,2,Quote,,,,,,,,,,52956.0,,,
1247,NOKI.ST,20090701,07:23:58.634409,2,Quote,,,,,,,,,,17003.0,,,
1248,NOKI.ST,20090701,07:23:58.683203,2,Quote,,,,,,,,,,12000.0,,,
1249,NOKI.ST,20090701,07:23:58.795146,2,Quote,,,,,,3600.0,,,,,,,
1250,NOKI.ST,20090701,07:23:58.795146,2,Quote,,,,,,6270.0,,,,,,,
1251,NOKI.ST,20090701,07:23:58.939555,2,Quote,,,,,,6070.0,,,,,,,
1252,NOKI.ST,20090701,07:23:58.978267,2,Quote,,,,,,8070.0,,,,,,,
1253,NOKI.ST,20090701,07:24:00.391672,2,Quote,,,,,,,,,,3250.0,,,
1254,NOKI.ST,20090701,07:24:01.628071,2,Quote,,,,,,,,,,1250.0,,,
1255,NOKI.ST,20090701,07:24:02.596800,2,Quote,,,,,114.0,10000.0,,,,,,,
1256,NOKI.ST,20090701,07:24:04.167526,2,Quote,,,,,,12000.0,,,,,,,
1257,NOKI.ST,20090701,07:24:05.385877,2,Quote,,,,,,,,,114.4,2000.0,,,
1258,NOKI.ST,20090701,07:24:05.398781,2,Quote,,,,,,,,,114.5,21487.0,,,
1259,NOKI.ST,20090701,07:24:05.428959,2,Quote,,,,,,,,,,31487.0,,,
1260,NOKI.ST,20090701,07:24:05.428959,2,Quote,,,,,,,,,,29487.0,,,
1261,NOKI.ST,20090701,07:24:05.428959,2,Quote,,,,,,,,,,27487.0,,,
1262,NOKI.ST,20090701,07:24:05.428959,2,Quote,,,,,,,,,,28887.0,,,
1263,NOKI.ST,20090701,07:24:05.538902,2,Quote,,,,,,,,,,28534.0,,,
1264,NOKI.ST,20090701,07:24:06.895145,2,Quote,,,,,,,,,,34534.0,,,
1265,NOKI.ST,20090701,07:24:07.204950,2,Quote,,,,,,,,,,38534.0,,,
1266,NOKI.ST,20090701,07:24:08.608456,2,Quote,,,,,,,,,,36534.0,,,
1267,NOKI.ST,20090701,07:24:08.608456,2,Quote,,,,,,,,,,32534.0,,,
1268,NOKI.ST,20090701,07:24:08.612633,2,Quote,,,,,,,,,,28534.0,,,
1269,NOKI.ST,20090701,07:24:08.612633,2,Quote,,,,,,,,,,28007.0,,,
1270,NOKI.ST,20090701,07:24:08.677267,2,Quote,,,,,,,,,,23004.0,,,
1271,NOKI.ST,20090701,07:24:08.945843,2,Quote,,,,,,,,,114.4,10000.0,,,
1272,NOKI.ST,20090701,07:24:08.978162,2,Quote,,,,,,,,,,20002.0,,,
1273,NOKI.ST,20090701,07:24:09.028434,2,Quote,,,,,,,,,,25005.0,,,
1274,NOKI.ST,20090701,07:24:09.113071,2,Quote,,,,,,,,,,27005.0,,,
1275,NOKI.ST,20090701,07:24:10.607639,2,Quote,,,,,,,,,114.3,4000.0,,,
1276,NOKI.ST,20090701,07:24:10.640917,2,Quote,,,,,,,,,,9000.0,,,
1277,NOKI.ST,20090701,07:24:10.878645,2,Quote,,,,,,,,,,11500.0,,,
1278,NOKI.ST,20090701,07:24:10.973777,2,Quote,,,,,,,,,,13500.0,,,
1279,NOKI.ST,20090701,07:24:11.459492,2,Quote,,,,,,,,,,9500.0,,,
1280,NOKI.ST,20090701,07:24:11.459492,2,Quote,,,,,,,,,,4500.0,,,
1281,NOKI.ST,20090701,07:24:11.538800,2,Quote,,,,,,,,,,2500.0,,,
1282,NOKI.ST,20090701,07:24:12.935914,2,Quote,,,,,,,,,114.4,12002.0,,,
1283,NOKI.ST,20090701,07:24:12.935914,2,Quote,,,,,,,,,,10002.0,,,
1284,NOKI.ST,20090701,07:24:13.249371,2,Quote,,,,,,,,,,12002.0,,,
1285,NOKI.ST,20090701,07:24:13.530615,2,Quote,,,,,,,,,,10002.0,,,
1286,NOKI.ST,20090701,07:24:14.134711,2,Quote,,,,,,,,,,12002.0,,,
1287,NOKI.ST,20090701,07:24:14.327733,2,Quote,,,,,,,,,,10002.0,,,
1288,NOKI.ST,20090701,07:24:14.628476,2,Quote,,,,,,,,,,12002.0,,,
1289,NOKI.ST,20090701,07:24:16.572826,2,Quote,,,,,,,,,,16002.0,,,
1290,NOKI.ST,20090701,07:24:16.572826,2,Quote,,,,,,,,,,6000.0,,,
1291,NOKI.ST,20090701,07:24:16.583734,2,Quote,,,,,,,,,114.3,4000.0,,,
1292,NOKI.ST,20090701,07:24:16.658697,2,Quote,,,,,,,,,,9300.0,,,
1293,NOKI.ST,20090701,07:24:16.964821,2,Quote,,,,,,,,,,5300.0,,,
1294,NOKI.ST,20090701,07:24:17.249287,2,Quote,,,,,,,,,,9300.0,,,
1295,NOKI.ST,20090701,07:24:17.518170,2,Quote,,,,,,,,,,8660.0,,,
1296,NOKI.ST,20090701,07:24:17.635461,2,Quote,,,,,,,,,,4660.0,,,
1297,NOKI.ST,20090701,07:24:17.679134,2,Quote,,,,,,,,,,8660.0,,,
1298,NOKI.ST,20090701,07:24:18.206017,2,Quote,,,,,,,,,,4660.0,,,
1299,NOKI.ST,20090701,07:24:18.206017,2,Quote,,,,,,,,,,8660.0,,,
1300,NOKI.ST,20090701,07:24:19.387149,2,Quote,,,,,,,,,,10660.0,,,
1301,NOKI.ST,20090701,07:24:21.707690,2,Quote,,,,,,,,,,6660.0,,,
1302,NOKI.ST,20090701,07:24:21.707690,2,Quote,,,,,,14000.0,,,,,,,
1303,NOKI.ST,20090701,07:24:21.707690,2,Quote,,,,,,,,,,2000.0,,,
1304,NOKI.ST,20090701,07:24:21.722722,2,Quote,,,,,,16340.0,,,,,,,
1305,NOKI.ST,20090701,07:24:21.847256,2,Quote,,,,,,14340.0,,,,,,,
1306,NOKI.ST,20090701,07:24:21.847256,2,Quote,,,,,,12000.0,,,,,,,
1307,NOKI.ST,20090701,07:24:21.847256,2,Quote,,,,,114.1,2000.0,,,,,,,
1308,NOKI.ST,20090701,07:24:21.857832,2,Quote,,,,,,,,,114.4,38352.0,,,
1309,NOKI.ST,20090701,07:24:21.857832,2,Quote,,,,,,,,,,36352.0,,,
1310,NOKI.ST,20090701,07:24:21.857832,2,Quote,,,,,,,,,,34352.0,,,
1311,NOKI.ST,20090701,07:24:21.857832,2,Quote,,,,,,,,,,44352.0,,,
1312,NOKI.ST,20090701,07:24:22.114597,2,Quote,,,,,114.0,12000.0,,,,,,,
1313,NOKI.ST,20090701,07:24:22.340360,2,Quote,,,,,,,,,,39352.0,,,
1314,NOKI.ST,20090701,07:24:22.692284,2,Quote,,,,,,12270.0,,,,,,,
1315,NOKI.ST,20090701,07:24:22.895611,2,Quote,,,,,114.1,2000.0,,,,,,,
1316,NOKI.ST,20090701,07:24:23.238419,2,Quote,,,,,,,,,,36852.0,,,
1317,NOKI.ST,20090701,07:24:23.329560,2,Quote,,,,,,,,,,36502.0,,,
1318,NOKI.ST,20090701,07:24:24.307592,2,Quote,,,,,,,,,,27002.0,,,
1319,NOKI.ST,20090701,07:24:25.220272,2,Quote,,,,,,,,,,17000.0,,,
1320,NOKI.ST,20090701,07:24:25.261121,2,Quote,,,,,,,,,114.3,1730.0,,,
1321,NOKI.ST,20090701,07:24:25.407922,2,Quote,,,,,114.0,12000.0,,,,,,,
1322,NOKI.ST,20090701,07:24:25.456534,2,Quote,,,,,,,,,,3730.0,,,
1323,NOKI.ST,20090701,07:24:25.785366,2,Quote,,,,,,,,,,2000.0,,,
1324,NOKI.ST,20090701,07:24:26.176179,2,Quote,,,,,,,,,114.4,12705.0,,,
1325,NOKI.ST,20090701,07:24:28.225903,2,Quote,,,,,,,,,,7705.0,,,
1326,NOKI.ST,20090701,07:24:29.896151,2,Quote,,,,,,,,,,5705.0,,,
1327,NOKI.ST,20090701,07:24:30.188586,2,Quote,,,,,,,,,,7705.0,,,
1328,NOKI.ST,20090701,07:24:33.551245,2,Quote,,,,,,,,,,9705.0,,,
1329,NOKI.ST,20090701,07:24:35.582649,2,Quote,,,,,,,,,,14705.0,,,
1330,NOKI.ST,20090701,07:24:36.476449,2,Quote,,,,,,,,,,15805.0,,,
1331,NOKI.ST,20090701,07:24:37.227857,2,Quote,,,,,,10000.0,,,,,,,
1332,NOKI.ST,20090701,07:24:37.249519,2,Quote,,,,,,,,,,13805.0,,,
1333,NOKI.ST,20090701,07:24:37.249519,2,Quote,,,,,,,,,,12185.0,,,
1334,NOKI.ST,20090701,07:24:37.249519,2,Quote,,,,,,14000.0,,,,,,,
1335,NOKI.ST,20090701,07:24:37.299329,2,Quote,,,,,,18424.0,,,,,,,
1336,NOKI.ST,20090701,07:24:37.462884,2,Quote,,,,,,20424.0,,,,,,,
1337,NOKI.ST,20090701,07:24:37.589694,2,Quote,,,,,,22424.0,,,,,,,
1338,NOKI.ST,20090701,07:24:37.589694,2,Quote,,,,,,27428.0,,,,,,,
1339,NOKI.ST,20090701,07:24:38.435408,2,Quote,,,,,,,,,114.3,2000.0,,,
1340,NOKI.ST,20090701,07:24:39.278796,2,Quote,,,,,,,,,114.4,12185.0,,,
1341,NOKI.ST,20090701,07:24:39.278796,2,Quote,,,,,,,,,,7185.0,,,
1342,NOKI.ST,20090701,07:24:39.967454,2,Quote,,,,,,29428.0,,,,,,,
1343,NOKI.ST,20090701,07:24:40.835986,2,Quote,,,,,,,,,,5185.0,,,
1344,NOKI.ST,20090701,07:24:40.837479,2,Quote,,,,,114.1,10000.0,,,,,,,
1345,NOKI.ST,20090701,07:24:40.837479,2,Quote,,,,,,,,,,3100.0,,,
1346,NOKI.ST,20090701,07:24:40.837479,2,Quote,,,,,,20000.0,,,,,,,
1347,NOKI.ST,20090701,07:24:40.865990,2,Quote,,,,,,25004.0,,,,,,,
1348,NOKI.ST,20090701,07:24:40.906653,2,Quote,,,,,,23004.0,,,,,,,
1349,NOKI.ST,20090701,07:24:40.906653,2,Quote,,,,,,21086.0,,,,,,,
1350,NOKI.ST,20090701,07:24:41.127742,2,Quote,,,,,,23086.0,,,,,,,
1351,NOKI.ST,20090701,07:24:49.440197,2,Quote,,,,,114.2,2000.0,,,,,,,
1352,NOKI.ST,20090701,07:24:49.440197,2,Quote,,,,,,,,,,1100.0,,,
1353,NOKI.ST,20090701,07:24:58.298762,2,Quote,,,,,114.1,27086.0,,,,,,,
1354,NOKI.ST,20090701,07:24:58.343429,2,Quote,,,,,,25086.0,,,,,,,
1355,NOKI.ST,20090701,07:24:58.706668,2,Quote,,,,,,23086.0,,,,,,,
1356,NOKI.ST,20090701,07:24:58.706668,2,Quote,,,,,,21086.0,,,,,,,
1357,NOKI.ST,20090701,07:24:58.706668,2,Quote,,,,,,20990.0,,,,,,,
1358,NOKI.ST,20090701,07:24:59.068703,2,Quote,,,,,,24990.0,,,,,,,
1359,NOKI.ST,20090701,07:24:59.166473,2,Quote,,,,,,26990.0,,,,,,,
1360,NOKI.ST,20090701,07:24:59.182240,2,Quote,,,,,,24990.0,,,,,,,
1361,NOKI.ST,20090701,07:25:00.332162,2,Quote,,,,,,20990.0,,,,,,,
1362,NOKI.ST,20090701,07:25:00.332162,2,Quote,,,,,,19556.0,,,,,,,
1363,NOKI.ST,20090701,07:25:01.603762,2,Quote,,,,,,15556.0,,,,,,,
1364,NOKI.ST,20090701,07:25:01.620014,2,Quote,,,,,,11243.0,,,,,,,
1365,NOKI.ST,20090701,07:25:01.642647,2,Quote,,,,,,6239.0,,,,,,,
1366,NOKI.ST,20090701,07:25:06.264604,2,Quote,,,,,114.2,2000.0,,,,,,,
1367,NOKI.ST,20090701,07:25:06.753734,2,Quote,,,,,114.1,6239.0,,,,,,,
1368,NOKI.ST,20090701,07:25:08.258856,2,Quote,,,,,,,,,,1190.0,,,
1369,NOKI.ST,20090701,07:25:08.613981,2,Quote,,,,,,4239.0,,,,,,,
1370,NOKI.ST,20090701,07:25:08.613981,2,Quote,,,,,,3515.0,,,,,,,
1371,NOKI.ST,20090701,07:25:09.214745,2,Quote,,,,,,2291.0,,,,,,,
1372,NOKI.ST,20090701,07:25:09.768848,2,Quote,,,,,,,,,,3190.0,,,
1373,NOKI.ST,20090701,07:25:11.041675,2,Quote,,,,,,2000.0,,,,,,,
1374,NOKI.ST,20090701,07:25:11.041675,2,Quote,,,,,,,,,,4899.0,,,
1375,NOKI.ST,20090701,07:25:11.298976,2,Quote,,,,,,,,,,4109.0,,,
1376,NOKI.ST,20090701,07:25:11.298976,2,Quote,,,,,,,,,,14109.0,,,
1377,NOKI.ST,20090701,07:25:11.460085,2,Quote,,,,,,,,,,13190.0,,,
1378,NOKI.ST,20090701,07:25:11.460085,2,Quote,,,,,,,,,,3190.0,,,
1379,NOKI.ST,20090701,07:25:11.518609,2,Quote,,,,,114.0,23877.0,,,,,,,
1380,NOKI.ST,20090701,07:25:11.518609,2,Quote,,,,,,21877.0,,,,,,,
1381,NOKI.ST,20090701,07:25:11.578290,2,Quote,,,,,,27877.0,,,,,,,
1382,NOKI.ST,20090701,07:25:11.637981,2,Quote,,,,,,25877.0,,,,,,,
1383,NOKI.ST,20090701,07:25:11.983326,2,Quote,,,,,,21877.0,,,,,,,
1384,NOKI.ST,20090701,07:25:12.962002,2,Quote,,,,,,,,,114.3,2090.0,,,
1385,NOKI.ST,20090701,07:25:18.569120,2,Quote,,,,,,25877.0,,,,,,,
1386,NOKI.ST,20090701,07:25:18.569120,2,Quote,,,,,,18000.0,,,,,,,
1387,NOKI.ST,20090701,07:25:18.613262,2,Quote,,,,,114.1,5000.0,,,,,,,
1388,NOKI.ST,20090701,07:25:18.796735,2,Quote,,,,,,7000.0,,,,,,,
1389,NOKI.ST,20090701,07:25:24.200618,2,Quote,,,,,,6100.0,,,,,,,
1390,NOKI.ST,20090701,07:25:24.265183,2,Quote,,,,,,5839.0,,,,,,,
1391,NOKI.ST,20090701,07:25:26.913754,2,Quote,,,,,,5539.0,,,,,,,
1392,NOKI.ST,20090701,07:25:28.978480,2,Quote,,,,,,3100.0,,,,,,,
1393,NOKI.ST,20090701,07:25:28.978480,2,Quote,,,,,,2000.0,,,,,,,
1394,NOKI.ST,20090701,07:25:29.182434,2,Quote,,,,,114.0,23141.0,,,,,,,
1395,NOKI.ST,20090701,07:25:29.182434,2,Quote,,,,,,33141.0,,,,,,,
1396,NOKI.ST,20090701,07:25:29.232160,2,Quote,,,,,,31141.0,,,,,,,
1397,NOKI.ST,20090701,07:25:29.676246,2,Quote,,,,,,23141.0,,,,,,,
1398,NOKI.ST,20090701,07:25:34.313569,2,Quote,,,,,,21477.0,,,,,,,
1399,NOKI.ST,20090701,07:25:44.189251,2,Quote,,,,,,,,,,4090.0,,,
1400,NOKI.ST,20090701,07:25:47.094544,2,Quote,,,,,,18477.0,,,,,,,
1401,NOKI.ST,20090701,07:25:47.094544,2,Quote,,,,,,18277.0,,,,,,,
