,#RIC,Date[G],Time[G],GMT Offset,Type,Ex/Cntrb.ID,Price,Volume,Buyer ID,Bid Price,Bid Size,No. Buyers,Seller ID,Ask Price,Ask Size,No. Sellers,Qualifiers,Exch Time
0,HMb.ST,20090701,06:44:59.598514,2,Quote,,,,,385.0,3370.0,,,,,,,
1,HMb.ST,20090701,06:44:59.598514,2,Quote,,,,,,,,,385.0,3868.0,,,
2,HMb.ST,20090701,06:49:43.089521,2,Quote,,,,,,,,,,3888.0,,,
3,HMb.ST,20090701,06:50:27.336043,2,Quote,,,,,,,,,,4938.0,,,
4,HMb.ST,20090701,06:50:28.333304,2,Quote,,,,,,,,,,4688.0,,,
5,HMb.ST,20090701,06:50:41.113051,2,Quote,,,,,,3630.0,,,,,,,
6,HMb.ST,20090701,06:50:41.704295,2,Quote,,,,,,,,,,4769.0,,,
7,HMb.ST,20090701,06:50:43.534799,2,Quote,,,,,,3701.0,,,,,,,
8,HMb.ST,20090701,06:50:47.558689,2,Quote,,,,,,,,,,4829.0,,,
9,HMb.ST,20090701,06:51:12.102924,2,Quote,,,,,,4000.0,,,,,,,
10,HMb.ST,20090701,06:51:12.102924,2,Quote,,,,,,,,,,4919.0,,,
11,HMb.ST,20090701,06:51:12.963325,2,Quote,,,,,,4690.0,,,,,,,
12,HMb.ST,20090701,06:51:13.086660,2,Quote,,,,,,,,,,5106.0,,,
13,HMb.ST,20090701,06:51:20.609239,2,Quote,,,,,,,,,,5606.0,,,
14,HMb.ST,20090701,06:51:21.339062,2,Quote,,,,,,4899.0,,,,,,,
15,HMb.ST,20090701,06:51:37.332812,2,Quote,,,,,,4905.0,,,,,,,
16,HMb.ST,20090701,06:52:09.743378,2,Quote,,,,,,,,,,6048.0,,,
17,HMb.ST,20090701,06:52:43.974291,2,Quote,,,,,,5490.0,,,,,,,
18,HMb.ST,20090701,06:52:44.038869,2,Quote,,,,,,,,,,6239.0,,,
19,HMb.ST,20090701,06:53:11.698610,2,Quote,,,,,,,,,,7616.0,,,
20,HMb.ST,20090701,06:55:02.773583,2,Quote,,,,,,,,,,7641.0,,,
21,HMb.ST,20090701,06:55:11.472022,2,Quote,,,,,,5769.0,,,,,,,
22,HMb.ST,20090701,06:55:40.881953,2,Quote,,,,,,6363.0,,,,,,,
23,HMb.ST,20090701,06:55:41.053807,2,Quote,,,,,,,,,,7854.0,,,
24,HMb.ST,20090701,06:56:01.462732,2,Quote,,,,,,9763.0,,,,,,,
25,HMb.ST,20090701,06:56:01.505982,2,Quote,,,,,,9800.0,,,,,,,
26,HMb.ST,20090701,06:56:01.505982,2,Quote,,,,,,,,,,8252.0,,,
27,HMb.ST,20090701,06:56:19.776505,2,Quote,,,,,,12039.0,,,,,,,
28,HMb.ST,20090701,06:56:21.216934,2,Quote,,,,,,12263.0,,,,,,,
29,HMb.ST,20090701,06:57:19.488843,2,Quote,,,,,,12863.0,,,,,,,
30,HMb.ST,20090701,06:58:28.239178,2,Quote,,,,,,,,,,8337.0,,,
31,HMb.ST,20090701,06:58:48.264540,2,Quote,,,,,,12913.0,,,,,,,
32,HMb.ST,20090701,06:59:01.473423,2,Quote,,,,,,,,,,8757.0,,,
33,HMb.ST,20090701,06:59:01.539234,2,Quote,,,,,,,,,,8987.0,,,
34,HMb.ST,20090701,06:59:02.073567,2,Quote,,,,,,,,,,9216.0,,,
35,HMb.ST,20090701,06:59:03.051777,2,Quote,,,,,,,,,,9257.0,,,
36,HMb.ST,20090701,06:59:03.847355,2,Quote,,,,,,,,,,9720.0,,,
37,HMb.ST,20090701,06:59:04.053871,2,Quote,,,,,,,,,,9877.0,,,
38,HMb.ST,20090701,06:59:22.333999,2,Quote,,,,,,13413.0,,,,,,,
39,HMb.ST,20090701,06:59:29.584797,2,Quote,,,,,,,,,,11852.0,,,
40,HMb.ST,20090701,06:59:30.056036,2,Quote,,,,,,,,,,12467.0,,,
41,HMb.ST,20090701,06:59:49.885071,2,Quote,,,,,,13776.0,,,,,,,
42,HMb.ST,20090701,06:59:49.918397,2,Quote,,,,,,14139.0,,,,,,,
43,HMb.ST,20090701,06:59:53.278992,2,Quote,,,,,,15139.0,,,,,,,
44,HMb.ST,20090701,06:59:56.116805,2,Quote,,,,,,15539.0,,,,,,,
45,HMb.ST,20090701,06:59:58.045874,2,Quote,,,,,,15638.0,,,,,,,
46,HMb.ST,20090701,06:59:58.382630,2,Quote,,,,,,15737.0,,,,,,,
47,HMb.ST,20090701,07:00:00.312837,2,Quote,,,,,,15764.0,,,,,,,
48,HMb.ST,20090701,07:00:10.238997,2,Quote,,,,,,,,,,13089.0,,,
49,HMb.ST,20090701,07:00:10.627040,2,Quote,,,,,,,,,,13283.0,,,
50,HMb.ST,20090701,07:00:33.009588,2,Quote,,,,,,16932.0,,,,,,,
51,HMb.ST,20090701,07:00:53.446686,2,Quote,,,,,,17932.0,,,,,,,
52,HMb.ST,20090701,07:01:06.764935,2,Quote,,,,,,19100.0,,,,,,,
53,HMb.ST,20090701,07:01:35.305248,2,Quote,,,,,,19120.0,,,,,,,
54,HMb.ST,20090701,07:01:43.870125,2,Quote,,,,,,,,,385.5,2065.0,,,
55,HMb.ST,20090701,07:01:43.897410,2,Quote,,,,,385.5,15955.0,,,,,,,
56,HMb.ST,20090701,07:01:43.897410,2,Quote,,,,,,,,,,15348.0,,,
57,HMb.ST,20090701,07:01:44.035117,2,Quote,,,,,,,,,,15991.0,,,
58,HMb.ST,20090701,07:01:48.183586,2,Quote,,,,,0.0,0.0,,,0.0,0.0,,,
59,HMb.ST,20090701,07:01:48.214787,2,Trade,,385.5,4.0,ENS ,,,,ENS ,,,,15b cYd e f5 g1[ALIAS]; 99[IRGCOND];   [PRC_QL2],07:01:48.000
60,HMb.ST,20090701,07:01:48.214787,2,Trade,,385.5,63.0,ENS ,,,,ENS ,,,,15b cYd e f5 g1[ALIAS]; 99[IRGCOND];   [PRC_QL2],07:01:48.000
61,HMb.ST,20090701,07:01:48.214787,2,Trade,,385.5,47.0,ENS ,,,,ENS ,,,,15b cYd e f5 g1[ALIAS]; 99[IRGCOND];   [PRC_QL2],07:01:48.000
62,HMb.ST,20090701,07:01:48.214787,2,Trade,,385.5,33.0,ENS ,,,,ENS ,,,,15b cYd e f5 g1[ALIAS]; 99[IRGCOND];   [PRC_QL2],07:01:48.000
63,HMb.ST,20090701,07:01:48.214787,2,Trade,,385.5,67.0,ENS ,,,,UBS ,,,,15b cYd e f5 g1[ALIAS]; 99[IRGCOND];   [PRC_QL2],07:01:48.000
64,HMb.ST,20090701,07:01:48.214787,2,Trade,,385.5,65.0,ENS ,,,,UBS ,,,,15b cYd e f5 g1[ALIAS]; 99[IRGCOND];   [PRC_QL2],07:01:48.000
65,HMb.ST,20090701,07:01:48.214787,2,Trade,,385.5,50.0,ENS ,,,,UBS ,,,,15b cYd e f5 g1[ALIAS]; 99[IRGCOND];   [PRC_QL2],07:01:48.000
66,HMb.ST,20090701,07:01:48.214787,2,Trade,,385.5,590.0,CAZ ,,,,UBS ,,,,15b cYd e f5 g1[ALIAS]; 99[IRGCOND];   [PRC_QL2],07:01:48.000
67,HMb.ST,20090701,07:01:48.231086,2,Trade,,385.5,37.0,CSB ,,,,UBS ,,,,15b cYd e f5 g1[ALIAS]; 99[IRGCOND];   [PRC_QL2],07:01:48.000
68,HMb.ST,20090701,07:01:48.231086,2,Trade,,385.5,71.0,UBS ,,,,UBS ,,,,15b cYd e f5 g1[ALIAS]; 99[IRGCOND];   [PRC_QL2],07:01:48.000
69,HMb.ST,20090701,07:01:48.231086,2,Trade,,385.5,299.0,UBS ,,,,UBS ,,,,15b cYd e f5 g1[ALIAS]; 99[IRGCOND];   [PRC_QL2],07:01:48.000
70,HMb.ST,20090701,07:01:48.231086,2,Trade,,385.5,198.0,UBS ,,,,UBS ,,,,15b cYd e f5 g1[ALIAS]; 99[IRGCOND];   [PRC_QL2],07:01:48.000
71,HMb.ST,20090701,07:01:48.231086,2,Trade,,385.5,11.0,UBS ,,,,MSI ,,,,15b cYd e f5 g1[ALIAS]; 99[IRGCOND];   [PRC_QL2],07:01:48.000
72,HMb.ST,20090701,07:01:48.231086,2,Trade,,385.5,224.0,UBS ,,,,MSI ,,,,15b cYd e f5 g1[ALIAS]; 99[IRGCOND];   [PRC_QL2],07:01:48.000
73,HMb.ST,20090701,07:01:48.231086,2,Trade,,385.5,6.0,GSI ,,,,MSI ,,,,15b cYd e f5 g1[ALIAS]; 99[IRGCOND];   [PRC_QL2],07:01:48.000
74,HMb.ST,20090701,07:01:48.231086,2,Trade,,385.5,179.0,GSI ,,,,MSI ,,,,15b cYd e f5 g1[ALIAS]; 99[IRGCOND];   [PRC_QL2],07:01:48.000
75,HMb.ST,20090701,07:01:48.231086,2,Trade,,385.5,230.0,GSI ,,,,MSI ,,,,15b cYd e f5 g1[ALIAS]; 99[IRGCOND];   [PRC_QL2],07:01:48.000
76,HMb.ST,20090701,07:01:48.231086,2,Trade,,385.5,41.0,GSI ,,,,SAB ,,,,15b cYd e f5 g1[ALIAS]; 99[IRGCOND];   [PRC_QL2],07:01:48.000
77,HMb.ST,20090701,07:01:48.232338,2,Trade,,385.5,463.0,GSI ,,,,SAB ,,,,15b cYd e f5 g1[ALIAS]; 99[IRGCOND];   [PRC_QL2],07:01:48.000
78,HMb.ST,20090701,07:01:48.232338,2,Trade,,385.5,1326.0,GSI ,,,,SAB ,,,,15b cYd e f5 g1[ALIAS]; 99[IRGCOND];   [PRC_QL2],07:01:48.000
79,HMb.ST,20090701,07:01:48.232338,2,Trade,,385.5,279.0,NIP ,,,,SAB ,,,,15b cYd e f5 g1[ALIAS]; 99[IRGCOND];   [PRC_QL2],07:01:48.000
80,HMb.ST,20090701,07:01:48.232338,2,Trade,,385.5,370.0,CSB ,,,,SAB ,,,,15b cYd e f5 g1[ALIAS]; 99[IRGCOND];   [PRC_QL2],07:01:48.000
81,HMb.ST,20090701,07:01:48.232338,2,Trade,,385.5,25.0,CSB ,,,,CSB ,,,,15b cYd e f5 g1[ALIAS]; 99[IRGCOND];   [PRC_QL2],07:01:48.000
82,HMb.ST,20090701,07:01:48.232338,2,Trade,,385.5,20.0,CSB ,,,,DDB ,,,,15b cYd e f5 g1[ALIAS]; 99[IRGCOND];   [PRC_QL2],07:01:48.000
83,HMb.ST,20090701,07:01:48.232338,2,Trade,,385.5,85.0,CSB ,,,,SHD ,,,,15b cYd e f5 g1[ALIAS]; 99[IRGCOND];   [PRC_QL2],07:01:48.000
84,HMb.ST,20090701,07:01:48.232338,2,Trade,,385.5,190.0,CSB ,,,,NEO ,,,,15b cYd e f5 g1[ALIAS]; 99[IRGCOND];   [PRC_QL2],07:01:48.000
85,HMb.ST,20090701,07:01:48.232338,2,Trade,,385.5,585.0,CSB ,,,,NEO ,,,,15b cYd e f5 g1[ALIAS]; 99[IRGCOND];   [PRC_QL2],07:01:48.000
86,HMb.ST,20090701,07:01:48.232338,2,Trade,,385.5,594.0,GSI ,,,,NEO ,,,,15b cYd e f5 g1[ALIAS]; 99[IRGCOND];   [PRC_QL2],07:01:48.000
87,HMb.ST,20090701,07:01:48.232338,2,Trade,,385.5,260.0,SWB ,,,,NEO ,,,,15b cYd e f5 g1[ALIAS]; 99[IRGCOND];   [PRC_QL2],07:01:48.000
88,HMb.ST,20090701,07:01:48.245411,2,Trade,,385.5,99.0,ENS ,,,,NEO ,,,,15b cYd e f5 g1[ALIAS]; 99[IRGCOND];   [PRC_QL2],07:01:48.000
89,HMb.ST,20090701,07:01:48.245411,2,Trade,,385.5,99.0,ENS ,,,,NEO ,,,,15b cYd e f5 g1[ALIAS]; 99[IRGCOND];   [PRC_QL2],07:01:48.000
90,HMb.ST,20090701,07:01:48.245411,2,Trade,,385.5,1168.0,HQD ,,,,NEO ,,,,15b cYd e f5 g1[ALIAS]; 99[IRGCOND];   [PRC_QL2],07:01:48.000
91,HMb.ST,20090701,07:01:48.245411,2,Trade,,385.5,803.0,HQD ,,,,NEO ,,,,15b cYd e f5 g1[ALIAS]; 99[IRGCOND];   [PRC_QL2],07:01:48.000
92,HMb.ST,20090701,07:01:48.245411,2,Trade,,385.5,365.0,HQD ,,,,GSI ,,,,15b cYd e f5 g1[ALIAS]; 99[IRGCOND];   [PRC_QL2],07:01:48.000
93,HMb.ST,20090701,07:01:48.245411,2,Trade,,385.5,4.0,SBN ,,,,GSI ,,,,15b cYd e f5 g1[ALIAS]; 99[IRGCOND];   [PRC_QL2],07:01:48.000
94,HMb.ST,20090701,07:01:48.255428,2,Trade,,385.5,73.0,GSI ,,,,GSI ,,,,15b cYd e f5 g1[ALIAS]; 99[IRGCOND];   [PRC_QL2],07:01:48.000
95,HMb.ST,20090701,07:01:48.255428,2,Trade,,385.5,60.0,GSI ,,,,SWB ,,,,15b cYd e f5 g1[ALIAS]; 99[IRGCOND];   [PRC_QL2],07:01:48.000
96,HMb.ST,20090701,07:01:48.255428,2,Trade,,385.5,12.0,GSI ,,,,NON ,,,,15b cYd e f5 g1[ALIAS]; 99[IRGCOND];   [PRC_QL2],07:01:48.000
97,HMb.ST,20090701,07:01:48.255428,2,Trade,,385.5,500.0,GSI ,,,,GSI ,,,,15b cYd e f5 g1[ALIAS]; 99[IRGCOND];   [PRC_QL2],07:01:48.000
98,HMb.ST,20090701,07:01:48.255428,2,Trade,,385.5,355.0,GSI ,,,,SHB ,,,,15b cYd e f5 g1[ALIAS]; 99[IRGCOND];   [PRC_QL2],07:01:48.000
99,HMb.ST,20090701,07:01:48.258703,2,Trade,,385.5,15.0,JYB ,,,,SHB ,,,,15b cYd e f5 g1[ALIAS]; 99[IRGCOND];   [PRC_QL2],07:01:48.000
100,HMb.ST,20090701,07:01:48.258703,2,Trade,,385.5,500.0,ENS ,,,,SHB ,,,,15b cYd e f5 g1[ALIAS]; 99[IRGCOND];   [PRC_QL2],07:01:48.000
101,HMb.ST,20090701,07:01:48.265270,2,Trade,,385.5,130.0,AVA ,,,,SHB ,,,,15b cYd e f5 g1[ALIAS]; 99[IRGCOND];   [PRC_QL2],07:01:48.000
102,HMb.ST,20090701,07:01:48.267952,2,Trade,,385.5,150.0,AVA ,,,,SBN ,,,,15b cYd e f5 g1[ALIAS]; 99[IRGCOND];   [PRC_QL2],07:01:48.000
103,HMb.ST,20090701,07:01:48.267952,2,Trade,,385.5,55.0,AVA ,,,,NON ,,,,15b cYd e f5 g1[ALIAS]; 99[IRGCOND];   [PRC_QL2],07:01:48.000
104,HMb.ST,20090701,07:01:48.267952,2,Trade,,385.5,265.0,AVA ,,,,SWB ,,,,15b cYd e f5 g1[ALIAS]; 99[IRGCOND];   [PRC_QL2],07:01:48.000
105,HMb.ST,20090701,07:01:48.267952,2,Trade,,385.5,45.0,NON ,,,,SWB ,,,,15b cYd e f5 g1[ALIAS]; 99[IRGCOND];   [PRC_QL2],07:01:48.000
106,HMb.ST,20090701,07:01:48.267952,2,Trade,,385.5,194.0,NON ,,,,DDB ,,,,15b cYd e f5 g1[ALIAS]; 99[IRGCOND];   [PRC_QL2],07:01:48.000
107,HMb.ST,20090701,07:01:48.267952,2,Trade,,385.5,261.0,NON ,,,,SBN ,,,,15b cYd e f5 g1[ALIAS]; 99[IRGCOND];   [PRC_QL2],07:01:48.000
108,HMb.ST,20090701,07:01:48.271090,2,Trade,,385.5,363.0,SGP ,,,,SBN ,,,,15b cYd e f5 g1[ALIAS]; 99[IRGCOND];   [PRC_QL2],07:01:48.000
109,HMb.ST,20090701,07:01:48.271090,2,Trade,,385.5,27.0,ENS ,,,,SBN ,,,,15b cYd e f5 g1[ALIAS]; 99[IRGCOND];   [PRC_QL2],07:01:48.000
110,HMb.ST,20090701,07:01:48.271090,2,Trade,,385.5,1000.0,HQD ,,,,SBN ,,,,15b cYd e f5 g1[ALIAS]; 99[IRGCOND];   [PRC_QL2],07:01:48.000
111,HMb.ST,20090701,07:01:48.272470,2,Trade,,385.5,349.0,NYE ,,,,SBN ,,,,15b cYd e f5 g1[ALIAS]; 99[IRGCOND];   [PRC_QL2],07:01:48.000
112,HMb.ST,20090701,07:01:48.272470,2,Trade,,385.5,622.0,NYE ,,,,DBL ,,,,15b cYd e f5 g1[ALIAS]; 99[IRGCOND];   [PRC_QL2],07:01:48.000
113,HMb.ST,20090701,07:01:48.272470,2,Trade,,385.5,2029.0,NYE ,,,,MSI ,,,,15b cYd e f5 g1[ALIAS]; 99[IRGCOND];   [PRC_QL2],07:01:48.000
114,HMb.ST,20090701,07:01:48.272470,2,Quote,,,,,385.0,4.0,,,,,,,
115,HMb.ST,20090701,07:01:48.272470,2,Quote,,,,,,6.0,,,,,,,
116,HMb.ST,20090701,07:01:48.272470,2,Quote,,,,,,1651.0,,,,,,,
117,HMb.ST,20090701,07:01:48.272470,2,Quote,,,,,,1715.0,,,,,,,
118,HMb.ST,20090701,07:01:48.272470,2,Quote,,,,,,1745.0,,,,,,,
119,HMb.ST,20090701,07:01:48.272470,2,Quote,,,,,,1845.0,,,,,,,
120,HMb.ST,20090701,07:01:48.272470,2,Quote,,,,,,1855.0,,,,,,,
121,HMb.ST,20090701,07:01:48.272470,2,Quote,,,,,,1955.0,,,,,,,
122,HMb.ST,20090701,07:01:48.272470,2,Quote,,,,,,1968.0,,,,,,,
123,HMb.ST,20090701,07:01:48.272470,2,Quote,,,,,,1978.0,,,,,,,
124,HMb.ST,20090701,07:01:48.272470,2,Quote,,,,,,1982.0,,,,,,,
125,HMb.ST,20090701,07:01:48.272470,2,Quote,,,,,,5382.0,,,,,,,
126,HMb.ST,20090701,07:01:48.272470,2,Quote,,,,,,5745.0,,,,,,,
127,HMb.ST,20090701,07:01:48.272470,2,Quote,,,,,,6145.0,,,,,,,
128,HMb.ST,20090701,07:01:48.272470,2,Quote,,,,,,6165.0,,,,,,,
129,HMb.ST,20090701,07:01:48.419857,2,Quote,,,,,,,,,385.5,36.0,,,
130,HMb.ST,20090701,07:01:48.620200,2,Quote,,,,,,6161.0,,,,,,,
131,HMb.ST,20090701,07:01:48.620200,2,Quote,,,,,,6159.0,,,,,,,
132,HMb.ST,20090701,07:01:48.620200,2,Quote,,,,,,5927.0,,,,,,,
133,HMb.ST,20090701,07:01:48.620200,2,Trade,,385.0,4.0,AVA ,,,,NEO ,,,,15b cYd e f6 g1[ALIAS]; 99[IRGCOND];   [PRC_QL2],07:01:48.000
134,HMb.ST,20090701,07:01:48.620200,2,Trade,,385.0,2.0,AVA ,,,,NEO ,,,,15b cYd e f6 g1[ALIAS]; 99[IRGCOND];   [PRC_QL2],07:01:48.000
135,HMb.ST,20090701,07:01:48.620200,2,Trade,,385.0,232.0,KEM ,,,,NEO ,,,,15b cYd e f6 g1[ALIAS]; 99[IRGCOND];   [PRC_QL2],07:01:48.000
136,HMb.ST,20090701,07:01:48.624600,2,Quote,,,,,,,,,,246.0,,,
137,HMb.ST,20090701,07:01:48.624600,2,Quote,,,,,,,,,,210.0,,,
138,HMb.ST,20090701,07:01:48.624600,2,Quote,,,,,,,,,386.0,50.0,,,
139,HMb.ST,20090701,07:01:48.624600,2,Quote,,,,,,,,,387.0,900.0,,,
140,HMb.ST,20090701,07:01:48.635963,2,Quote,,,,,,,,,,861.0,,,
141,HMb.ST,20090701,07:01:48.635963,2,Trade,,385.5,36.0,CSB ,,,,MSI ,,,,15b cYd e f6 g1[ALIAS]; 99[IRGCOND];   [PRC_QL2],07:01:48.000
142,HMb.ST,20090701,07:01:48.635963,2,Trade,,385.5,210.0,CSB ,,,,JPM ,,,,15b cYd e f6 g1[ALIAS]; 99[IRGCOND];   [PRC_QL2],07:01:48.000
143,HMb.ST,20090701,07:01:48.635963,2,Trade,,386.0,50.0,CSB ,,,,SHB ,,,,15b cYd e f6 g1[ALIAS]; 99[IRGCOND];   [PRC_QL2],07:01:48.000
144,HMb.ST,20090701,07:01:48.635963,2,Trade,,387.0,39.0,CSB ,,,,SHB ,,,,15b cYd e f6 g1[ALIAS]; 99[IRGCOND];   [PRC_QL2],07:01:48.000
145,HMb.ST,20090701,07:01:48.635963,2,Quote,,,,,,6556.0,,,,,,,
146,HMb.ST,20090701,07:01:48.694594,2,Quote,,,,,,6780.0,,,,,,,
147,HMb.ST,20090701,07:01:50.296522,2,Quote,,,,,,,,,386.5,764.0,,,
148,HMb.ST,20090701,07:01:52.620067,2,Quote,,,,,,,,,,1764.0,,,
149,HMb.ST,20090701,07:01:53.464447,2,Quote,,,,,,,,,,1000.0,,,
150,HMb.ST,20090701,07:01:53.464447,2,Quote,,,,,,,,,,596.0,,,
151,HMb.ST,20090701,07:01:53.468834,2,Trade,,386.5,764.0,HQD ,,,,MSI ,,,,15b cYd e f6 g1[ALIAS]; 99[IRGCOND];   [PRC_QL2],07:01:53.000
152,HMb.ST,20090701,07:01:53.468834,2,Trade,,386.5,404.0,HQD ,,,,NYE ,,,,15b cYd e f6 g1[ALIAS]; 99[IRGCOND];   [PRC_QL2],07:01:53.000
153,HMb.ST,20090701,07:01:57.114500,2,Quote,,,,,,8240.0,,,,,,,
154,HMb.ST,20090701,07:01:58.344046,2,Quote,,,,,,,,,,924.0,,,
155,HMb.ST,20090701,07:01:58.694115,2,Quote,,,,,,,,,,1216.0,,,
156,HMb.ST,20090701,07:02:00.642533,2,Quote,,,,,,9340.0,,,,,,,
157,HMb.ST,20090701,07:02:03.478287,2,Quote,,,,,,9490.0,,,,,,,
158,HMb.ST,20090701,07:02:04.445055,2,Quote,,,,,,,,,,620.0,,,
159,HMb.ST,20090701,07:02:04.445055,2,Quote,,,,,,,,,,292.0,,,
160,HMb.ST,20090701,07:02:04.445055,2,Quote,,,,,,,,,,48.0,,,
161,HMb.ST,20090701,07:02:04.445055,2,Trade,,386.5,596.0,HQD ,,,,NYE ,,,,15b cYd e f6 g1[ALIAS]; 99[IRGCOND];   [PRC_QL2],07:02:04.000
162,HMb.ST,20090701,07:02:04.445055,2,Trade,,386.5,328.0,HQD ,,,,CAR ,,,,15b cYd e f6 g1[ALIAS]; 99[IRGCOND];   [PRC_QL2],07:02:04.000
163,HMb.ST,20090701,07:02:04.455841,2,Trade,,386.5,244.0,HQD ,,,,SAB ,,,,15b cYd e f6 g1[ALIAS]; 99[IRGCOND];   [PRC_QL2],07:02:04.000
164,HMb.ST,20090701,07:02:04.484584,2,Quote,,,,,,,,,,73.0,,,
165,HMb.ST,20090701,07:02:04.799641,2,Quote,,,,,,,,,,25.0,,,
166,HMb.ST,20090701,07:02:04.799641,2,Quote,,,,,,,,,387.0,3801.0,,,
167,HMb.ST,20090701,07:02:04.826439,2,Trade,,386.5,48.0,GSI ,,,,SAB ,,,,15b cYd e f6 g1[ALIAS]; 99[IRGCOND];   [PRC_QL2],07:02:04.000
168,HMb.ST,20090701,07:02:04.826439,2,Trade,,386.5,25.0,GSI ,,,,CAR ,,,,15b cYd e f6 g1[ALIAS]; 99[IRGCOND];   [PRC_QL2],07:02:04.000
169,HMb.ST,20090701,07:02:05.256771,2,Quote,,,,,,,,,,4706.0,,,
170,HMb.ST,20090701,07:02:05.353051,2,Quote,,,,,,,,,,5108.0,,,
171,HMb.ST,20090701,07:02:05.363671,2,Quote,,,,,,,,,386.5,1769.0,,,
172,HMb.ST,20090701,07:02:05.967160,2,Quote,,,,,,,,,,2542.0,,,
173,HMb.ST,20090701,07:02:06.915922,2,Quote,,,,,,10184.0,,,,,,,
174,HMb.ST,20090701,07:02:07.108102,2,Quote,,,,,,,,,386.0,500.0,,,
175,HMb.ST,20090701,07:02:07.341827,2,Quote,,,,,,9784.0,,,,,,,
176,HMb.ST,20090701,07:02:07.905127,2,Quote,,,,,,,,,,100.0,,,
177,HMb.ST,20090701,07:02:07.905127,2,Trade,,386.0,400.0,AVA ,,,,NON ,,,,15b cYd e f6 g1[ALIAS]; 99[IRGCOND];   [PRC_QL2],07:02:07.000
178,HMb.ST,20090701,07:02:08.164909,2,Quote,,,,,,,,,386.5,3109.0,,,
179,HMb.ST,20090701,07:02:08.164909,2,Trade,,386.0,100.0,CAR ,,,,NON ,,,,15b cYd e f6 g1[ALIAS]; 99[IRGCOND];   [PRC_QL2],07:02:08.000
180,HMb.ST,20090701,07:02:08.164909,2,Quote,,,,,,,,,,2809.0,,,
181,HMb.ST,20090701,07:02:08.164909,2,Trade,,386.5,300.0,AVA ,,,,SGP ,,,,15b cYd e f6 g1[ALIAS]; 99[IRGCOND];   [PRC_QL2],07:02:08.000
182,HMb.ST,20090701,07:02:08.699295,2,Quote,,,,,,,,,386.0,1469.0,,,
183,HMb.ST,20090701,07:02:10.529396,2,Quote,,,,,,,,,,1938.0,,,
184,HMb.ST,20090701,07:02:11.475002,2,Quote,,,,,,,,,,469.0,,,
185,HMb.ST,20090701,07:02:14.774342,2,Quote,,,,,,,,,,1469.0,,,
186,HMb.ST,20090701,07:02:15.606708,2,Quote,,,,,,,,,,1000.0,,,
187,HMb.ST,20090701,07:02:15.606708,2,Quote,,,,,,,,,,301.0,,,
188,HMb.ST,20090701,07:02:15.606708,2,Trade,,386.0,469.0,HQD ,,,,DBL ,,,,15b cYd e f6 g1[ALIAS]; 99[IRGCOND];   [PRC_QL2],07:02:15.000
189,HMb.ST,20090701,07:02:15.606708,2,Trade,,386.0,699.0,HQD ,,,,NYE ,,,,15b cYd e f6 g1[ALIAS]; 99[IRGCOND];   [PRC_QL2],07:02:15.000
190,HMb.ST,20090701,07:02:20.705343,2,Quote,,,,,,,,,,1770.0,,,
191,HMb.ST,20090701,07:02:20.984890,2,Quote,,,,,,,,,,2030.0,,,
192,HMb.ST,20090701,07:02:26.281879,2,Quote,,,,,,,,,,2470.0,,,
193,HMb.ST,20090701,07:02:36.197488,2,Quote,,,,,,,,,,2990.0,,,
194,HMb.ST,20090701,07:02:39.493592,2,Quote,,,,,,,,,,3590.0,,,
195,HMb.ST,20090701,07:02:41.856906,2,Quote,,,,,,,,,,3790.0,,,
196,HMb.ST,20090701,07:02:41.910507,2,Quote,,,,,,11244.0,,,,,,,
197,HMb.ST,20090701,07:02:45.036602,2,Quote,,,,,,,,,,4510.0,,,
198,HMb.ST,20090701,07:02:54.967742,2,Quote,,,,,,12704.0,,,,,,,
199,HMb.ST,20090701,07:03:01.126237,2,Quote,,,,,,,,,,4810.0,,,
200,HMb.ST,20090701,07:03:01.126237,2,Quote,,,,,,18988.0,,,,,,,
201,HMb.ST,20090701,07:03:01.126237,2,Quote,,,,,,,,,,4742.0,,,
202,HMb.ST,20090701,07:03:27.527117,2,Quote,,,,,,19388.0,,,,,,,
203,HMb.ST,20090701,07:03:34.966269,2,Quote,,,,,,,,,,4441.0,,,
204,HMb.ST,20090701,07:03:34.966269,2,Quote,,,,,,,,,,3749.0,,,
205,HMb.ST,20090701,07:03:34.994142,2,Trade,,386.0,301.0,HQD ,,,,NYE ,,,,15b cYd e f6 g1[ALIAS]; 99[IRGCOND];   [PRC_QL2],07:03:34.000
206,HMb.ST,20090701,07:03:34.994142,2,Trade,,386.0,692.0,HQD ,,,,SGP ,,,,15b cYd e f6 g1[ALIAS]; 99[IRGCOND];   [PRC_QL2],07:03:34.000
207,HMb.ST,20090701,07:03:47.271688,2,Quote,,,,,,19852.0,,,,,,,
208,HMb.ST,20090701,07:03:54.199920,2,Quote,,,,,,,,,,4377.0,,,
209,HMb.ST,20090701,07:04:22.852417,2,Quote,,,,,,,,,,3600.0,,,
210,HMb.ST,20090701,07:04:22.852417,2,Quote,,,,,,,,,,3340.0,,,
211,HMb.ST,20090701,07:04:22.852417,2,Quote,,,,,,,,,,2968.0,,,
212,HMb.ST,20090701,07:04:22.852417,2,Quote,,,,,,,,,,2448.0,,,
213,HMb.ST,20090701,07:04:22.852417,2,Quote,,,,,,,,,,1848.0,,,
214,HMb.ST,20090701,07:04:22.852417,2,Quote,,,,,,,,,,1648.0,,,
215,HMb.ST,20090701,07:04:22.852417,2,Quote,,,,,,,,,,1825.0,,,
216,HMb.ST,20090701,07:04:22.852417,2,Quote,,,,,,,,,,1105.0,,,
217,HMb.ST,20090701,07:04:22.852417,2,Quote,,,,,,,,,,805.0,,,
218,HMb.ST,20090701,07:04:22.852417,2,Quote,,,,,,,,,,177.0,,,
219,HMb.ST,20090701,07:04:22.852417,2,Trade,,386.0,777.0,GSI ,,,,SGP ,,,,15b cYd e f6 g1[ALIAS]; 99[IRGCOND];   [PRC_QL2],07:04:22.000
220,HMb.ST,20090701,07:04:22.852417,2,Trade,,386.0,260.0,GSI ,,,,SAB ,,,,15b cYd e f6 g1[ALIAS]; 99[IRGCOND];   [PRC_QL2],07:04:22.000
221,HMb.ST,20090701,07:04:22.854170,2,Trade,,386.0,372.0,GSI ,,,,MSI ,,,,15b cYd e f6 g1[ALIAS]; 99[IRGCOND];   [PRC_QL2],07:04:22.000
222,HMb.ST,20090701,07:04:22.854170,2,Trade,,386.0,520.0,GSI ,,,,CSB ,,,,15b cYd e f6 g1[ALIAS]; 99[IRGCOND];   [PRC_QL2],07:04:22.000
223,HMb.ST,20090701,07:04:22.854170,2,Trade,,386.0,600.0,GSI ,,,,AVA ,,,,15b cYd e f6 g1[ALIAS]; 99[IRGCOND];   [PRC_QL2],07:04:22.000
224,HMb.ST,20090701,07:04:22.854170,2,Trade,,386.0,823.0,GSI ,,,,SHB ,,,,15b cYd e f6 g1[ALIAS]; 99[IRGCOND];   [PRC_QL2],07:04:22.000
225,HMb.ST,20090701,07:04:22.854170,2,Trade,,386.0,720.0,GSI ,,,,DBL ,,,,15b cYd e f6 g1[ALIAS]; 99[IRGCOND];   [PRC_QL2],07:04:22.000
226,HMb.ST,20090701,07:04:22.869683,2,Trade,,386.0,300.0,GSI ,,,,MSI ,,,,15b cYd e f6 g1[ALIAS]; 99[IRGCOND];   [PRC_QL2],07:04:22.000
227,HMb.ST,20090701,07:04:22.869683,2,Trade,,386.0,628.0,GSI ,,,,SHD ,,,,15b cYd e f6 g1[ALIAS]; 99[IRGCOND];   [PRC_QL2],07:04:22.000
228,HMb.ST,20090701,07:04:23.193368,2,Quote,,,,,,,,,,423.0,,,
229,HMb.ST,20090701,07:04:23.485569,2,Quote,,,,,,,,,,246.0,,,
230,HMb.ST,20090701,07:04:23.485569,2,Quote,,,,,,,,,,424.0,,,
231,HMb.ST,20090701,07:04:23.485569,2,Quote,,,,,,,,,,178.0,,,
232,HMb.ST,20090701,07:04:23.492718,2,Trade,,386.0,799.0,GSI ,,,,SHB ,,,,15b cYd e f6 g1[ALIAS]; 99[IRGCOND];   [PRC_QL2],07:04:23.000
233,HMb.ST,20090701,07:04:23.492718,2,Trade,,386.0,246.0,GSI ,,,,SAB ,,,,15b cYd e f6 g1[ALIAS]; 99[IRGCOND];   [PRC_QL2],07:04:23.000
234,HMb.ST,20090701,07:04:25.150406,2,Quote,,,,,,,,,385.5,346.0,,,
235,HMb.ST,20090701,07:04:25.150406,2,Quote,,,,,,,,,386.0,178.0,,,
236,HMb.ST,20090701,07:04:25.150406,2,Trade,,385.5,346.0,CSB ,,,,NEO ,,,,15b cYd e f6 g1[ALIAS]; 99[IRGCOND];   [PRC_QL2],07:04:25.000
237,HMb.ST,20090701,07:04:25.248425,2,Quote,,,,,,,,,,25.0,,,
238,HMb.ST,20090701,07:04:25.248425,2,Trade,,386.0,353.0,CAR ,,,,SHB ,,,,15b cYd e f6 g1[ALIAS]; 99[IRGCOND];   [PRC_QL2],07:04:25.000
239,HMb.ST,20090701,07:04:26.838940,2,Quote,,,,,,,,,385.5,391.0,,,
240,HMb.ST,20090701,07:04:27.105788,2,Quote,,,,,,,,,386.0,25.0,,,
241,HMb.ST,20090701,07:04:27.109864,2,Trade,,385.5,391.0,MLI ,,,,NEO ,,,,15b cYd e f6 g1[ALIAS]; 99[IRGCOND];   [PRC_QL2],07:04:26.000
242,HMb.ST,20090701,07:04:27.120714,2,Quote,,,,,,,,,,425.0,,,
243,HMb.ST,20090701,07:04:27.206011,2,Quote,,,,,,,,,,905.0,,,
244,HMb.ST,20090701,07:04:27.260323,2,Quote,,,,,,,,,,505.0,,,
245,HMb.ST,20090701,07:04:27.260323,2,Quote,,,,,,,,,,605.0,,,
246,HMb.ST,20090701,07:04:27.313913,2,Quote,,,,,,,,,,505.0,,,
247,HMb.ST,20090701,07:04:27.356055,2,Quote,,,,,385.5,1000.0,,,,,,,
248,HMb.ST,20090701,07:04:27.407304,2,Quote,,,,,,2300.0,,,,,,,
249,HMb.ST,20090701,07:04:27.512673,2,Quote,,,,,,1686.0,,,,,,,
250,HMb.ST,20090701,07:04:27.556666,2,Trade,,385.5,614.0,NON ,,,,NEO ,,,,15b cYd e f6 g1[ALIAS]; 99[IRGCOND];   [PRC_QL2],07:04:27.000
251,HMb.ST,20090701,07:04:28.417441,2,Quote,,,,,,,,,,1505.0,,,
252,HMb.ST,20090701,07:04:33.670542,2,Quote,,,,,,2315.0,,,,,,,
253,HMb.ST,20090701,07:04:36.633202,2,Quote,,,,,,,,,,1907.0,,,
254,HMb.ST,20090701,07:04:40.191556,2,Quote,,,,,,,,,,1882.0,,,
255,HMb.ST,20090701,07:04:40.191556,2,Quote,,,,,,,,,,2082.0,,,
256,HMb.ST,20090701,07:04:40.191556,2,Quote,,,,,,,,,,2007.0,,,
257,HMb.ST,20090701,07:04:40.191556,2,Trade,,386.0,25.0,SWB ,,,,SHB ,,,,15b cYd e f6 g1[ALIAS]; 99[IRGCOND];   [PRC_QL2],07:04:40.000
258,HMb.ST,20090701,07:04:40.193037,2,Trade,,386.0,75.0,SWB ,,,,SAB ,,,,15b cYd e f6 g1[ALIAS]; 99[IRGCOND];   [PRC_QL2],07:04:40.000
259,HMb.ST,20090701,07:04:43.476481,2,Quote,,,,,,2427.0,,,,,,,
260,HMb.ST,20090701,07:04:43.719589,2,Quote,,,,,,,,,,1602.0,,,
261,HMb.ST,20090701,07:04:43.962738,2,Quote,,,,,,,,,,1202.0,,,
262,HMb.ST,20090701,07:04:43.962738,2,Trade,,386.0,400.0,SWB ,,,,NON ,,,,15b cYd e f6 g1[ALIAS]; 99[IRGCOND];   [PRC_QL2],07:04:43.000
263,HMb.ST,20090701,07:04:44.242646,2,Quote,,,,,,2329.0,,,,,,,
264,HMb.ST,20090701,07:04:44.242646,2,Trade,,385.5,98.0,NON ,,,,SAB ,,,,15b cYd e f6 g1[ALIAS]; 99[IRGCOND];   [PRC_QL2],07:04:44.000
265,HMb.ST,20090701,07:04:51.123973,2,Quote,,,,,,,,,,1671.0,,,
266,HMb.ST,20090701,07:05:00.609597,2,Quote,,,,,,,,,,1202.0,,,
267,HMb.ST,20090701,07:05:00.609597,2,Quote,,,,,,,,,,602.0,,,
268,HMb.ST,20090701,07:05:00.609597,2,Quote,,,,,,,,,,200.0,,,
269,HMb.ST,20090701,07:05:00.609597,2,Quote,,,,,,,,,386.5,2195.0,,,
270,HMb.ST,20090701,07:05:00.609597,2,Quote,,,,,,,,,386.0,200.0,,,
271,HMb.ST,20090701,07:05:00.609597,2,Trade,,386.0,469.0,DBL ,,,,DBL ,,,,15b cYd e f6 g1[ALIAS]; 99[IRGCOND];   [PRC_QL2],07:05:00.000
272,HMb.ST,20090701,07:05:00.611449,2,Trade,,386.0,600.0,DBL ,,,,NON ,,,,15b cYd e f6 g1[ALIAS]; 99[IRGCOND];   [PRC_QL2],07:05:00.000
273,HMb.ST,20090701,07:05:00.611449,2,Trade,,386.0,402.0,DBL ,,,,CSB ,,,,15b cYd e f6 g1[ALIAS]; 99[IRGCOND];   [PRC_QL2],07:05:00.000
274,HMb.ST,20090701,07:05:00.617487,2,Trade,,386.0,200.0,DBL ,,,,SHB ,,,,15b cYd e f6 g1[ALIAS]; 99[IRGCOND];   [PRC_QL2],07:05:00.000
275,HMb.ST,20090701,07:05:00.662194,2,Quote,,,,,,,,,,850.0,,,
276,HMb.ST,20090701,07:05:01.047107,2,Quote,,,,,,,,,,1453.0,,,
277,HMb.ST,20090701,07:05:01.244403,2,Quote,,,,,,2418.0,,,,,,,
278,HMb.ST,20090701,07:05:01.770915,2,Quote,,,,,,,,,,2213.0,,,
279,HMb.ST,20090701,07:05:02.051062,2,Quote,,,,,,,,,,1610.0,,,
280,HMb.ST,20090701,07:05:02.158342,2,Quote,,,,,,,,,,2213.0,,,
281,HMb.ST,20090701,07:05:03.136292,2,Quote,,,,,,,,,,1610.0,,,
282,HMb.ST,20090701,07:05:04.307258,2,Quote,,,,,,,,,,2213.0,,,
283,HMb.ST,20090701,07:05:05.159308,2,Quote,,,,,,,,,,1610.0,,,
284,HMb.ST,20090701,07:05:06.154095,2,Quote,,,,,,,,,,2213.0,,,
285,HMb.ST,20090701,07:05:07.162869,2,Quote,,,,,,,,,,1610.0,,,
286,HMb.ST,20090701,07:05:08.128403,2,Quote,,,,,,,,,,2213.0,,,
287,HMb.ST,20090701,07:05:08.658034,2,Quote,,,,,,,,,,2013.0,,,
288,HMb.ST,20090701,07:05:08.658034,2,Quote,,,,,,,,,,2213.0,,,
289,HMb.ST,20090701,07:05:08.658034,2,Quote,,,,,,,,,,2200.0,,,
290,HMb.ST,20090701,07:05:08.658034,2,Trade,,386.0,200.0,CAZ ,,,,SHB ,,,,15b cYd e f6 g1[ALIAS]; 99[IRGCOND];   [PRC_QL2],07:05:08.000
291,HMb.ST,20090701,07:05:08.658034,2,Trade,,386.0,13.0,CAZ ,,,,BPP ,,,,15b cYd e f6 g1[ALIAS]; 99[IRGCOND];   [PRC_QL2],07:05:08.000
292,HMb.ST,20090701,07:05:08.721395,2,Quote,,,,,,4118.0,,,,,,,
293,HMb.ST,20090701,07:05:08.732439,2,Quote,,,,,,5418.0,,,,,,,
294,HMb.ST,20090701,07:05:08.732439,2,Quote,,,,,,,,,,3550.0,,,
295,HMb.ST,20090701,07:05:09.167560,2,Quote,,,,,,,,,,2947.0,,,
296,HMb.ST,20090701,07:05:10.542915,2,Quote,,,,,,10743.0,,,,,,,
297,HMb.ST,20090701,07:05:19.913068,2,Quote,,,,,,,,,,2731.0,,,
298,HMb.ST,20090701,07:05:19.913068,2,Trade,,386.0,216.0,SGP ,,,,BPP ,,,,15b cYd e f6 g1[ALIAS]; 99[IRGCOND];   [PRC_QL2],07:05:19.000
299,HMb.ST,20090701,07:05:20.414033,2,Quote,,,,,,,,,,3045.0,,,
300,HMb.ST,20090701,07:05:20.589823,2,Quote,,,,,,,,,,2731.0,,,
301,HMb.ST,20090701,07:05:20.660304,2,Quote,,,,,,11143.0,,,,,,,
302,HMb.ST,20090701,07:05:23.168040,2,Quote,,,,,,,,,,3020.0,,,
303,HMb.ST,20090701,07:05:24.532274,2,Quote,,,,,,,,,,2731.0,,,
304,HMb.ST,20090701,07:05:25.198293,2,Quote,,,,,,,,,,3020.0,,,
305,HMb.ST,20090701,07:05:26.173234,2,Quote,,,,,,,,,,2731.0,,,
306,HMb.ST,20090701,07:05:29.708069,2,Quote,,,,,,,,,,2310.0,,,
307,HMb.ST,20090701,07:05:29.708069,2,Quote,,,,,,,,,,1550.0,,,
308,HMb.ST,20090701,07:05:29.708069,2,Quote,,,,,,,,,,1350.0,,,
309,HMb.ST,20090701,07:05:29.708069,2,Quote,,,,,,,,,,1550.0,,,
310,HMb.ST,20090701,07:05:29.708069,2,Quote,,,,,,,,,,200.0,,,
311,HMb.ST,20090701,07:05:29.708069,2,Trade,,386.0,421.0,ENS ,,,,BPP ,,,,15b cYd e f6 g1[ALIAS]; 99[IRGCOND];   [PRC_QL2],07:05:29.000
312,HMb.ST,20090701,07:05:29.708069,2,Trade,,386.0,760.0,ENS ,,,,DBL ,,,,15b cYd e f6 g1[ALIAS]; 99[IRGCOND];   [PRC_QL2],07:05:29.000
313,HMb.ST,20090701,07:05:29.708069,2,Trade,,386.0,200.0,ENS ,,,,SHB ,,,,15b cYd e f6 g1[ALIAS]; 99[IRGCOND];   [PRC_QL2],07:05:29.000
314,HMb.ST,20090701,07:05:29.720640,2,Trade,,386.0,1350.0,ENS ,,,,BPP ,,,,15b cYd e f6 g1[ALIAS]; 99[IRGCOND];   [PRC_QL2],07:05:29.000
315,HMb.ST,20090701,07:05:34.103363,2,Quote,,,,,,,,,,230.0,,,
316,HMb.ST,20090701,07:05:37.107279,2,Quote,,,,,,,,,,30.0,,,
317,HMb.ST,20090701,07:05:37.107279,2,Quote,,,,,,,,,,60.0,,,
318,HMb.ST,20090701,07:05:37.107279,2,Quote,,,,,,,,,,30.0,,,
319,HMb.ST,20090701,07:05:37.107279,2,Trade,,386.0,970.0,AVA ,,,,SHB ,,,,15b cYd e f6 g1[ALIAS]; 99[IRGCOND];   [PRC_QL2],07:05:37.000
320,HMb.ST,20090701,07:05:37.158471,2,Trade,,386.0,30.0,AVA ,,,,AIV ,,,,15b cYd e f6 g1[ALIAS]; 99[IRGCOND];   [PRC_QL2],07:05:37.000
321,HMb.ST,20090701,07:06:01.235016,2,Quote,,,,,,16311.0,,,,,,,
322,HMb.ST,20090701,07:06:01.272341,2,Quote,,,,,,,,,386.5,2195.0,,,
323,HMb.ST,20090701,07:06:01.272341,2,Trade,,386.0,932.0,UBS ,,,,SHB ,,,,15b cYd e f6 g1[ALIAS]; 99[IRGCOND];   [PRC_QL2],07:06:01.000
324,HMb.ST,20090701,07:06:01.319100,2,Quote,,,,,,,,,,2595.0,,,
325,HMb.ST,20090701,07:06:01.460545,2,Quote,,,,,386.0,659.0,,,,,,,
326,HMb.ST,20090701,07:06:01.508995,2,Quote,,,,,,2969.0,,,,,,,
327,HMb.ST,20090701,07:06:01.652987,2,Quote,,,,,,2310.0,,,,,,,
328,HMb.ST,20090701,07:06:02.771073,2,Quote,,,,,,2399.0,,,,,,,
329,HMb.ST,20090701,07:06:03.188094,2,Quote,,,,,,,,,,2890.0,,,
330,HMb.ST,20090701,07:06:03.188094,2,Quote,,,,,,,,,,2490.0,,,
331,HMb.ST,20090701,07:06:03.265355,2,Quote,,,,,,2631.0,,,,,,,
332,HMb.ST,20090701,07:06:04.207180,2,Quote,,,,,,2919.0,,,,,,,
333,HMb.ST,20090701,07:06:08.203402,2,Quote,,,,,,,,,,2343.0,,,
334,HMb.ST,20090701,07:06:08.203402,2,Trade,,386.5,147.0,SGP ,,,,CAR ,,,,15b cYd e f6 g1[ALIAS]; 99[IRGCOND];   [PRC_QL2],07:06:07.000
335,HMb.ST,20090701,07:06:09.634324,2,Quote,,,,,,6654.0,,,,,,,
336,HMb.ST,20090701,07:06:13.394932,2,Quote,,,,,,9225.0,,,,,,,
337,HMb.ST,20090701,07:06:15.954570,2,Quote,,,,,,,,,,2295.0,,,
338,HMb.ST,20090701,07:06:15.954570,2,Quote,,,,,,,,,,1471.0,,,
339,HMb.ST,20090701,07:06:15.960565,2,Trade,,386.5,48.0,UBS ,,,,CAR ,,,,15b cYd e f6 g1[ALIAS]; 99[IRGCOND];   [PRC_QL2],07:06:15.000
340,HMb.ST,20090701,07:06:15.960565,2,Trade,,386.5,824.0,UBS ,,,,HQD ,,,,15b cYd e f6 g1[ALIAS]; 99[IRGCOND];   [PRC_QL2],07:06:15.000
341,HMb.ST,20090701,07:06:15.973031,2,Quote,,,,,,,,,,1295.0,,,
342,HMb.ST,20090701,07:06:15.973031,2,Quote,,,,,,,,,,599.0,,,
343,HMb.ST,20090701,07:06:15.973031,2,Trade,,386.5,176.0,UBS ,,,,HQD ,,,,15b cYd e f6 g1[ALIAS]; 99[IRGCOND];   [PRC_QL2],07:06:15.000
344,HMb.ST,20090701,07:06:15.973031,2,Trade,,386.5,696.0,UBS ,,,,NYE ,,,,15b cYd e f6 g1[ALIAS]; 99[IRGCOND];   [PRC_QL2],07:06:15.000
345,HMb.ST,20090701,07:06:16.039513,2,Quote,,,,,,9281.0,,,,,,,
346,HMb.ST,20090701,07:06:17.475026,2,Quote,,,,,,,,,,346.0,,,
347,HMb.ST,20090701,07:06:17.475026,2,Trade,,386.5,253.0,SGP ,,,,NYE ,,,,15b cYd e f6 g1[ALIAS]; 99[IRGCOND];   [PRC_QL2],07:06:17.000
348,HMb.ST,20090701,07:06:17.566756,2,Quote,,,,,,,,,,295.0,,,
349,HMb.ST,20090701,07:06:17.566756,2,Quote,,,,,,,,,,173.0,,,
350,HMb.ST,20090701,07:06:17.566756,2,Trade,,386.5,51.0,SGP ,,,,NYE ,,,,15b cYd e f6 g1[ALIAS]; 99[IRGCOND];   [PRC_QL2],07:06:17.000
351,HMb.ST,20090701,07:06:17.566756,2,Trade,,386.5,122.0,SGP ,,,,SAB ,,,,15b cYd e f6 g1[ALIAS]; 99[IRGCOND];   [PRC_QL2],07:06:17.000
352,HMb.ST,20090701,07:06:19.724856,2,Quote,,,,,,9631.0,,,,,,,
353,HMb.ST,20090701,07:06:21.705070,2,Quote,,,,,,9781.0,,,,,,,
354,HMb.ST,20090701,07:06:27.927218,2,Quote,,,,,,,,,387.0,3861.0,,,
355,HMb.ST,20090701,07:06:27.927218,2,Trade,,386.5,173.0,SGP ,,,,SAB ,,,,15b cYd e f6 g1[ALIAS]; 99[IRGCOND];   [PRC_QL2],07:06:27.000
356,HMb.ST,20090701,07:06:27.927218,2,Quote,,,,,,,,,,4261.0,,,
357,HMb.ST,20090701,07:06:27.959405,2,Quote,,,,,386.5,173.0,,,,,,,
358,HMb.ST,20090701,07:06:27.959405,2,Quote,,,,,,346.0,,,,,,,
359,HMb.ST,20090701,07:06:27.959405,2,Quote,,,,,,173.0,,,,,,,
360,HMb.ST,20090701,07:06:27.967853,2,Trade,,386.5,173.0,SGP ,,,,CSB ,,,,15b cYd e f6 g1[ALIAS]; 99[IRGCOND];   [PRC_QL2],07:06:27.000
361,HMb.ST,20090701,07:06:28.045108,2,Quote,,,,,,248.0,,,,,,,
362,HMb.ST,20090701,07:06:28.103167,2,Quote,,,,,,360.0,,,,,,,
363,HMb.ST,20090701,07:06:29.006883,2,Quote,,,,,,285.0,,,,,,,
364,HMb.ST,20090701,07:06:30.961593,2,Quote,,,,,,374.0,,,,,,,
365,HMb.ST,20090701,07:06:31.523483,2,Quote,,,,,,,,,,3861.0,,,
366,HMb.ST,20090701,07:06:32.542761,2,Quote,,,,,,,,,,2861.0,,,
367,HMb.ST,20090701,07:06:32.607731,2,Quote,,,,,,1674.0,,,,,,,
368,HMb.ST,20090701,07:06:32.911432,2,Quote,,,,,,1501.0,,,,,,,
369,HMb.ST,20090701,07:06:35.322314,2,Quote,,,,,,1789.0,,,,,,,
370,HMb.ST,20090701,07:06:50.269750,2,Quote,,,,,,,,,,2851.0,,,
371,HMb.ST,20090701,07:06:50.302029,2,Trade,,387.0,10.0,AVA ,,,,SHB ,,,,15b cYd e f6 g1[ALIAS]; 99[IRGCOND];   [PRC_QL2],07:06:50.000
372,HMb.ST,20090701,07:06:50.741473,2,Quote,,,,,,,,,,2850.0,,,
373,HMb.ST,20090701,07:06:50.741473,2,Quote,,,,,,,,,,2800.0,,,
374,HMb.ST,20090701,07:06:50.741473,2,Quote,,,,,,,,,,1651.0,,,
375,HMb.ST,20090701,07:06:50.741473,2,Trade,,387.0,1.0,BPP ,,,,SHB ,,,,15b cYd e f6 g1[ALIAS]; 99[IRGCOND];   [PRC_QL2],07:06:50.000
376,HMb.ST,20090701,07:06:50.741473,2,Trade,,387.0,50.0,BPP ,,,,NON ,,,,15b cYd e f6 g1[ALIAS]; 99[IRGCOND];   [PRC_QL2],07:06:50.000
377,HMb.ST,20090701,07:06:50.753160,2,Trade,,387.0,1149.0,BPP ,,,,SHB ,,,,15b cYd e f6 g1[ALIAS]; 99[IRGCOND];   [PRC_QL2],07:06:50.000
378,HMb.ST,20090701,07:06:50.838975,2,Quote,,,,,,1677.0,,,,,,,
379,HMb.ST,20090701,07:06:50.886911,2,Quote,,,,,,,,,,1595.0,,,
380,HMb.ST,20090701,07:06:50.886911,2,Trade,,387.0,56.0,UBS ,,,,SHB ,,,,15b cYd e f6 g1[ALIAS]; 99[IRGCOND];   [PRC_QL2],07:06:50.000
381,HMb.ST,20090701,07:06:50.892539,2,Quote,,,,,,,,,,1539.0,,,
382,HMb.ST,20090701,07:06:50.892539,2,Trade,,387.0,56.0,UBS ,,,,SHB ,,,,15b cYd e f6 g1[ALIAS]; 99[IRGCOND];   [PRC_QL2],07:06:50.000
383,HMb.ST,20090701,07:06:54.176478,2,Quote,,,,,,1747.0,,,,,,,
384,HMb.ST,20090701,07:06:59.974161,2,Quote,,,,,,,,,,1980.0,,,
385,HMb.ST,20090701,07:07:10.964403,2,Quote,,,,,,4716.0,,,,,,,
386,HMb.ST,20090701,07:07:11.491174,2,Quote,,,,,,,,,,980.0,,,
387,HMb.ST,20090701,07:07:11.491174,2,Trade,,387.0,1000.0,AVA ,,,,SHB ,,,,15b cYd e f6 g1[ALIAS]; 99[IRGCOND];   [PRC_QL2],07:07:11.000
388,HMb.ST,20090701,07:07:15.445293,2,Quote,,,,,,,,,,830.0,,,
389,HMb.ST,20090701,07:07:15.445293,2,Trade,,387.0,150.0,BPP ,,,,SHB ,,,,15b cYd e f6 g1[ALIAS]; 99[IRGCOND];   [PRC_QL2],07:07:15.000
390,HMb.ST,20090701,07:07:16.047898,2,Quote,,,,,,,,,,741.0,,,
391,HMb.ST,20090701,07:07:16.047898,2,Quote,,,,,,,,,,542.0,,,
392,HMb.ST,20090701,07:07:16.047898,2,Quote,,,,,,4428.0,,,,,,,
393,HMb.ST,20090701,07:07:16.047898,2,Trade,,387.0,89.0,NON ,,,,SHB ,,,,15b cYd e f6 g1[ALIAS]; 99[IRGCOND];   [PRC_QL2],07:07:15.000
394,HMb.ST,20090701,07:07:16.047898,2,Trade,,387.0,199.0,NON ,,,,DIF ,,,,15b cYd e f6 g1[ALIAS]; 99[IRGCOND];   [PRC_QL2],07:07:15.000
395,HMb.ST,20090701,07:07:31.500720,2,Quote,,,,,,,,,,441.0,,,
396,HMb.ST,20090701,07:07:31.500720,2,Quote,,,,,,,,,387.5,3464.0,,,
397,HMb.ST,20090701,07:07:31.500720,2,Quote,,,,,387.0,458.0,,,,,,,
398,HMb.ST,20090701,07:07:31.500720,2,Trade,,387.0,101.0,AVA ,,,,DIF ,,,,15b cYd e f6 g1[ALIAS]; 99[IRGCOND];   [PRC_QL2],07:07:31.000
399,HMb.ST,20090701,07:07:31.500720,2,Trade,,387.0,441.0,AVA ,,,,DBL ,,,,15b cYd e f6 g1[ALIAS]; 99[IRGCOND];   [PRC_QL2],07:07:31.000
400,HMb.ST,20090701,07:07:31.500720,2,Quote,,,,,386.5,4428.0,,,,,,,
401,HMb.ST,20090701,07:07:31.500720,2,Trade,,387.0,458.0,AVA ,,,,CSB ,,,,15b cYd e f6 g1[ALIAS]; 99[IRGCOND];   [PRC_QL2],07:07:31.000
402,HMb.ST,20090701,07:07:31.500720,2,Quote,,,,,,,,,,3864.0,,,
403,HMb.ST,20090701,07:07:31.543008,2,Quote,,,,,,4828.0,,,,,,,
404,HMb.ST,20090701,07:07:31.601461,2,Quote,,,,,,,,,,5064.0,,,
405,HMb.ST,20090701,07:07:31.601461,2,Quote,,,,,387.0,123.0,,,,,,,
406,HMb.ST,20090701,07:07:31.601461,2,Quote,,,,,,,,,,5112.0,,,
407,HMb.ST,20090701,07:07:31.665897,2,Quote,,,,,,,,,,5064.0,,,
408,HMb.ST,20090701,07:07:31.894795,2,Quote,,,,,,2.0,,,,,,,
409,HMb.ST,20090701,07:07:31.894795,2,Trade,,387.0,121.0,DBL ,,,,SAB ,,,,15b cYd e f6 g1[ALIAS]; 99[IRGCOND];   [PRC_QL2],07:07:31.000
410,HMb.ST,20090701,07:07:31.894795,2,Quote,,,,,,,,,,5164.0,,,
411,HMb.ST,20090701,07:07:32.900600,2,Quote,,,,,,,,,,5064.0,,,
412,HMb.ST,20090701,07:07:33.447923,2,Quote,,,,,,91.0,,,,,,,
413,HMb.ST,20090701,07:07:33.964184,2,Quote,,,,,,89.0,,,,,,,
414,HMb.ST,20090701,07:07:33.964184,2,Quote,,,,,386.5,3039.0,,,,,,,
415,HMb.ST,20090701,07:07:33.964184,2,Trade,,387.0,2.0,DBL ,,,,SAB ,,,,15b cYd e f6 g1[ALIAS]; 99[IRGCOND];   [PRC_QL2],07:07:33.000
416,HMb.ST,20090701,07:07:33.964184,2,Trade,,387.0,89.0,CSB ,,,,SAB ,,,,15b cYd e f6 g1[ALIAS]; 99[IRGCOND];   [PRC_QL2],07:07:33.000
417,HMb.ST,20090701,07:07:35.757669,2,Quote,,,,,,,,,387.0,77.0,,,
418,HMb.ST,20090701,07:07:35.757669,2,Quote,,,,,,,,,,1077.0,,,
419,HMb.ST,20090701,07:07:58.197464,2,Quote,,,,,,3439.0,,,,,,,
420,HMb.ST,20090701,07:08:00.428593,2,Quote,,,,,,,,,,1000.0,,,
421,HMb.ST,20090701,07:08:00.428593,2,Quote,,,,,,,,,387.5,3864.0,,,
422,HMb.ST,20090701,07:08:00.428593,2,Quote,,,,,387.0,923.0,,,,,,,
423,HMb.ST,20090701,07:08:00.428593,2,Trade,,387.0,77.0,NIP ,,,,SAB ,,,,15b cYd e f6 g1[ALIAS]; 99[IRGCOND];   [PRC_QL2],07:08:00.000
424,HMb.ST,20090701,07:08:00.428593,2,Trade,,387.0,1000.0,NIP ,,,,AVA ,,,,15b cYd e f6 g1[ALIAS]; 99[IRGCOND];   [PRC_QL2],07:08:00.000
425,HMb.ST,20090701,07:08:00.492636,2,Quote,,,,,,,,,,4064.0,,,
426,HMb.ST,20090701,07:08:00.492636,2,Quote,,,,,,,,,,3864.0,,,
427,HMb.ST,20090701,07:08:01.160028,2,Quote,,,,,,,,,,2864.0,,,
428,HMb.ST,20090701,07:08:01.160028,2,Quote,,,,,,,,,,2400.0,,,
429,HMb.ST,20090701,07:08:01.160028,2,Quote,,,,,,,,,,1900.0,,,
430,HMb.ST,20090701,07:08:01.160028,2,Quote,,,,,,,,,,1414.0,,,
431,HMb.ST,20090701,07:08:01.160028,2,Trade,,387.5,1000.0,BPP ,,,,SHB ,,,,15b cYd e f6 g1[ALIAS]; 99[IRGCOND];   [PRC_QL2],07:08:01.000
432,HMb.ST,20090701,07:08:01.176475,2,Trade,,387.5,464.0,BPP ,,,,MSI ,,,,15b cYd e f6 g1[ALIAS]; 99[IRGCOND];   [PRC_QL2],07:08:01.000
433,HMb.ST,20090701,07:08:01.179268,2,Trade,,387.5,500.0,BPP ,,,,AVA ,,,,15b cYd e f6 g1[ALIAS]; 99[IRGCOND];   [PRC_QL2],07:08:01.000
434,HMb.ST,20090701,07:08:01.179268,2,Trade,,387.5,486.0,BPP ,,,,AVA ,,,,15b cYd e f6 g1[ALIAS]; 99[IRGCOND];   [PRC_QL2],07:08:01.000
435,HMb.ST,20090701,07:08:01.660618,2,Quote,,,,,386.5,3439.0,,,,,,,
436,HMb.ST,20090701,07:08:01.687403,2,Quote,,,,,,4343.0,,,,,,,
437,HMb.ST,20090701,07:08:01.687403,2,Quote,,,,,,3439.0,,,,,,,
438,HMb.ST,20090701,07:08:01.714882,2,Quote,,,,,,4299.0,,,,,,,
439,HMb.ST,20090701,07:08:01.714882,2,Quote,,,,,387.0,503.0,,,,,,,
440,HMb.ST,20090701,07:08:02.009210,2,Quote,,,,,,,,,,1014.0,,,
441,HMb.ST,20090701,07:08:05.003824,2,Quote,,,,,,1503.0,,,,,,,
442,HMb.ST,20090701,07:08:12.240772,2,Quote,,,,,,,,,,1000.0,,,
443,HMb.ST,20090701,07:08:12.240772,2,Quote,,,,,,,,,,655.0,,,
444,HMb.ST,20090701,07:08:12.243740,2,Trade,,387.5,14.0,NIP ,,,,AVA ,,,,15b cYd e f6 g1[ALIAS]; 99[IRGCOND];   [PRC_QL2],07:08:12.000
445,HMb.ST,20090701,07:08:12.304348,2,Trade,,387.5,345.0,NIP ,,,,NON ,,,,15b cYd e f6 g1[ALIAS]; 99[IRGCOND];   [PRC_QL2],07:08:12.000
446,HMb.ST,20090701,07:08:17.583379,2,Quote,,,,,,,,,,665.0,,,
447,HMb.ST,20090701,07:08:18.475128,2,Quote,,,,,,1858.0,,,,,,,
448,HMb.ST,20090701,07:08:20.747659,2,Quote,,,,,,,,,,169.0,,,
449,HMb.ST,20090701,07:08:20.747659,2,Trade,,387.5,496.0,NIP ,,,,NON ,,,,15b cYd e f6 g1[ALIAS]; 99[IRGCOND];   [PRC_QL2],07:08:20.000
450,HMb.ST,20090701,07:08:20.806105,2,Quote,,,,,,,,,,10.0,,,
451,HMb.ST,20090701,07:08:20.806105,2,Quote,,,,,,,,,388.0,4380.0,,,
452,HMb.ST,20090701,07:08:20.848911,2,Trade,,387.5,159.0,SGP ,,,,NON ,,,,15b cYd e f6 g1[ALIAS]; 99[IRGCOND];   [PRC_QL2],07:08:20.000
453,HMb.ST,20090701,07:08:20.848911,2,Trade,,387.5,10.0,SGP ,,,,AVA ,,,,15b cYd e f6 g1[ALIAS]; 99[IRGCOND];   [PRC_QL2],07:08:20.000
454,HMb.ST,20090701,07:08:20.848911,2,Quote,,,,,,,,,,4780.0,,,
455,HMb.ST,20090701,07:08:23.154852,2,Quote,,,,,,1503.0,,,,,,,
456,HMb.ST,20090701,07:08:23.154852,2,Quote,,,,,387.5,1000.0,,,,,,,
457,HMb.ST,20090701,07:08:23.196319,2,Quote,,,,,387.0,1683.0,,,,,,,
458,HMb.ST,20090701,07:08:23.196319,2,Trade,,387.5,1000.0,NON ,,,,MLI ,,,,15b cYd e f6 g1[ALIAS]; 99[IRGCOND];   [PRC_QL2],07:08:23.000
459,HMb.ST,20090701,07:08:23.604643,2,Quote,,,,,,,,,,4907.0,,,
460,HMb.ST,20090701,07:08:26.746359,2,Quote,,,,,,,,,,7407.0,,,
461,HMb.ST,20090701,07:08:30.824431,2,Quote,,,,,,1833.0,,,,,,,
462,HMb.ST,20090701,07:08:32.911585,2,Quote,,,,,,2833.0,,,,,,,
463,HMb.ST,20090701,07:08:32.974802,2,Quote,,,,,,,,,,8247.0,,,
464,HMb.ST,20090701,07:08:35.577480,2,Quote,,,,,,1833.0,,,,,,,
465,HMb.ST,20090701,07:08:43.782312,2,Quote,,,,,,,,,387.5,1000.0,,,
466,HMb.ST,20090701,07:08:44.244133,2,Quote,,,,,,,,,,1127.0,,,
467,HMb.ST,20090701,07:08:46.565354,2,Quote,,,,,,,,,,1627.0,,,
468,HMb.ST,20090701,07:08:51.992540,2,Quote,,,,,,,,,,1677.0,,,
469,HMb.ST,20090701,07:09:04.346687,2,Quote,,,,,,6471.0,,,,,,,
470,HMb.ST,20090701,07:09:04.346687,2,Quote,,,,,,,,,,677.0,,,
471,HMb.ST,20090701,07:09:04.346687,2,Quote,,,,,,,,,,550.0,,,
472,HMb.ST,20090701,07:09:04.346687,2,Quote,,,,,,,,,,50.0,,,
473,HMb.ST,20090701,07:09:04.346687,2,Quote,,,,,,,,,388.0,11143.0,,,
474,HMb.ST,20090701,07:09:04.365454,2,Trade,,387.5,1000.0,UBS ,,,,NON ,,,,15b cYd e f6 g1[ALIAS]; 99[IRGCOND];   [PRC_QL2],07:09:04.000
475,HMb.ST,20090701,07:09:04.365454,2,Trade,,387.5,127.0,UBS ,,,,SAB ,,,,15b cYd e f6 g1[ALIAS]; 99[IRGCOND];   [PRC_QL2],07:09:04.000
476,HMb.ST,20090701,07:09:04.365454,2,Trade,,387.5,500.0,UBS ,,,,NON ,,,,15b cYd e f6 g1[ALIAS]; 99[IRGCOND];   [PRC_QL2],07:09:04.000
477,HMb.ST,20090701,07:09:04.365454,2,Trade,,387.5,50.0,UBS ,,,,AVA ,,,,15b cYd e f6 g1[ALIAS]; 99[IRGCOND];   [PRC_QL2],07:09:04.000
478,HMb.ST,20090701,07:09:04.365454,2,Quote,,,,,,,,,,14143.0,,,
479,HMb.ST,20090701,07:09:04.464163,2,Quote,,,,,,,,,,14243.0,,,
480,HMb.ST,20090701,07:09:04.838988,2,Quote,,,,,387.5,367.0,,,,,,,
481,HMb.ST,20090701,07:09:04.838988,2,Quote,,,,,387.0,6471.0,,,,,,,
482,HMb.ST,20090701,07:09:04.888565,2,Trade,,387.5,367.0,NIP ,,,,CSB ,,,,15b cYd e f6 g1[ALIAS]; 99[IRGCOND];   [PRC_QL2],07:09:04.000
483,HMb.ST,20090701,07:09:04.888565,2,Quote,,,,,,6871.0,,,,,,,
484,HMb.ST,20090701,07:09:04.943341,2,Quote,,,,,,6232.0,,,,,,,
485,HMb.ST,20090701,07:09:04.943341,2,Quote,,,,,387.5,1409.0,,,,,,,
486,HMb.ST,20090701,07:09:04.943341,2,Quote,,,,,,167.0,,,,,,,
487,HMb.ST,20090701,07:09:04.943341,2,Trade,,387.5,1242.0,UBS ,,,,MLI ,,,,15b cYd e f6 g1[ALIAS]; 99[IRGCOND];   [PRC_QL2],07:09:04.000
488,HMb.ST,20090701,07:09:05.054884,2,Quote,,,,,,,,,,14143.0,,,
489,HMb.ST,20090701,07:09:05.054884,2,Quote,,,,,,,,,,14239.0,,,
490,HMb.ST,20090701,07:09:05.054884,2,Quote,,,,,,1071.0,,,,,,,
491,HMb.ST,20090701,07:09:10.542331,2,Quote,,,,,,2071.0,,,,,,,
492,HMb.ST,20090701,07:09:11.090370,2,Quote,,,,,,,,,,11239.0,,,
493,HMb.ST,20090701,07:09:11.090370,2,Quote,,,,,,,,,,8239.0,,,
494,HMb.ST,20090701,07:09:11.197449,2,Quote,,,,,,,,,,7399.0,,,
495,HMb.ST,20090701,07:09:11.419206,2,Quote,,,,,,,,,,7303.0,,,
496,HMb.ST,20090701,07:09:11.475653,2,Quote,,,,,,,,,,8503.0,,,
497,HMb.ST,20090701,07:09:16.300253,2,Quote,,,,,,,,,,9405.0,,,
498,HMb.ST,20090701,07:09:21.004998,2,Quote,,,,,,1904.0,,,,,,,
499,HMb.ST,20090701,07:09:21.004998,2,Quote,,,,,,1000.0,,,,,,,
500,HMb.ST,20090701,07:09:21.004998,2,Quote,,,,,387.0,6292.0,,,,,,,
501,HMb.ST,20090701,07:09:21.004998,2,Quote,,,,,,,,,387.5,694.0,,,
502,HMb.ST,20090701,07:09:21.014561,2,Trade,,387.5,167.0,UBS ,,,,NEO ,,,,15b cYd e f6 g1[ALIAS]; 99[IRGCOND];   [PRC_QL2],07:09:20.000
503,HMb.ST,20090701,07:09:21.014561,2,Trade,,387.5,904.0,UBS ,,,,NEO ,,,,15b cYd e f6 g1[ALIAS]; 99[IRGCOND];   [PRC_QL2],07:09:20.000
504,HMb.ST,20090701,07:09:21.014561,2,Trade,,387.5,1000.0,NON ,,,,NEO ,,,,15b cYd e f6 g1[ALIAS]; 99[IRGCOND];   [PRC_QL2],07:09:20.000
505,HMb.ST,20090701,07:09:21.026788,2,Quote,,,,,,,,,,178.0,,,
506,HMb.ST,20090701,07:09:21.026845,2,Trade,,387.5,516.0,CSB ,,,,NEO ,,,,15b cYd e f6 g1[ALIAS]; 99[IRGCOND];   [PRC_QL2],07:09:20.000
507,HMb.ST,20090701,07:09:21.069432,2,Quote,,,,,,6843.0,,,,,,,
508,HMb.ST,20090701,07:09:21.069432,2,Quote,,,,,,6292.0,,,,,,,
509,HMb.ST,20090701,07:09:21.112651,2,Quote,,,,,,8162.0,,,,,,,
510,HMb.ST,20090701,07:09:21.832907,2,Quote,,,,,,,,,,218.0,,,
511,HMb.ST,20090701,07:09:22.111835,2,Quote,,,,,,,,,,40.0,,,
512,HMb.ST,20090701,07:09:22.111835,2,Quote,,,,,,,,,388.0,8503.0,,,
513,HMb.ST,20090701,07:09:22.111835,2,Quote,,,,,387.5,614.0,,,,,,,
514,HMb.ST,20090701,07:09:22.111835,2,Trade,,387.5,178.0,NIP ,,,,NEO ,,,,15b cYd e f6 g1[ALIAS]; 99[IRGCOND];   [PRC_QL2],07:09:22.000
515,HMb.ST,20090701,07:09:22.165181,2,Trade,,387.5,40.0,NIP ,,,,CSB ,,,,15b cYd e f6 g1[ALIAS]; 99[IRGCOND];   [PRC_QL2],07:09:22.000
516,HMb.ST,20090701,07:09:22.197604,2,Quote,,,,,,98.0,,,,,,,
517,HMb.ST,20090701,07:09:22.197604,2,Trade,,387.5,516.0,NIP ,,,,CSB ,,,,15b cYd e f6 g1[ALIAS]; 99[IRGCOND];   [PRC_QL2],07:09:22.000
518,HMb.ST,20090701,07:09:22.219915,2,Quote,,,,,387.0,8162.0,,,,,,,
519,HMb.ST,20090701,07:09:22.219915,2,Quote,,,,,,,,,387.5,596.0,,,
520,HMb.ST,20090701,07:09:22.219915,2,Trade,,387.5,98.0,NIP ,,,,NEO ,,,,15b cYd e f6 g1[ALIAS]; 99[IRGCOND];   [PRC_QL2],07:09:22.000
521,HMb.ST,20090701,07:09:22.219915,2,Quote,,,,,,,,,,1048.0,,,
522,HMb.ST,20090701,07:09:24.190590,2,Quote,,,,,,,,,,596.0,,,
523,HMb.ST,20090701,07:09:24.190590,2,Quote,,,,,,,,,,532.0,,,
524,HMb.ST,20090701,07:09:24.190590,2,Trade,,387.5,452.0,CSB ,,,,CSB ,,,,15b cYd e f6 g1[ALIAS]; 99[IRGCOND];   [PRC_QL2],07:09:24.000
525,HMb.ST,20090701,07:09:24.190590,2,Trade,,387.5,64.0,CSB ,,,,NEO ,,,,15b cYd e f6 g1[ALIAS]; 99[IRGCOND];   [PRC_QL2],07:09:24.000
526,HMb.ST,20090701,07:09:24.227611,2,Quote,,,,,,,,,,671.0,,,
527,HMb.ST,20090701,07:09:24.781297,2,Quote,,,,,,8913.0,,,,,,,
528,HMb.ST,20090701,07:09:39.886919,2,Quote,,,,,,,,,,1671.0,,,
529,HMb.ST,20090701,07:09:46.494924,2,Quote,,,,,,,,,,2671.0,,,
530,HMb.ST,20090701,07:09:47.096505,2,Quote,,,,,,,,,,2139.0,,,
531,HMb.ST,20090701,07:09:47.096505,2,Quote,,,,,,,,,,2000.0,,,
532,HMb.ST,20090701,07:09:47.096505,2,Quote,,,,,,,,,,1971.0,,,
533,HMb.ST,20090701,07:09:47.096505,2,Trade,,387.5,532.0,HQD ,,,,NEO ,,,,15b cYd e f6 g1[ALIAS]; 99[IRGCOND];   [PRC_QL2],07:09:46.000
534,HMb.ST,20090701,07:09:47.096505,2,Trade,,387.5,139.0,HQD ,,,,CSB ,,,,15b cYd e f6 g1[ALIAS]; 99[IRGCOND];   [PRC_QL2],07:09:46.000
535,HMb.ST,20090701,07:09:47.171703,2,Trade,,387.5,29.0,HQD ,,,,NON ,,,,15b cYd e f6 g1[ALIAS]; 99[IRGCOND];   [PRC_QL2],07:09:46.000
536,HMb.ST,20090701,07:09:48.403775,2,Quote,,,,,,8162.0,,,,,,,
537,HMb.ST,20090701,07:09:48.403775,2,Quote,,,,,,8554.0,,,,,,,
538,HMb.ST,20090701,07:09:59.420107,2,Quote,,,,,,,,,,3431.0,,,
539,HMb.ST,20090701,07:10:17.727495,2,Quote,,,,,,,,,,3469.0,,,
540,HMb.ST,20090701,07:10:22.398149,2,Quote,,,,,,9554.0,,,,,,,
541,HMb.ST,20090701,07:10:22.616631,2,Quote,,,,,,,,,,2469.0,,,
542,HMb.ST,20090701,07:10:24.335478,2,Quote,,,,,,,,,,1798.0,,,
543,HMb.ST,20090701,07:10:24.387156,2,Trade,,387.5,671.0,UBS ,,,,NON ,,,,15b cYd e f6 g1[ALIAS]; 99[IRGCOND];   [PRC_QL2],07:10:24.000
544,HMb.ST,20090701,07:10:25.480356,2,Quote,,,,,,,,,,1498.0,,,
545,HMb.ST,20090701,07:10:25.480356,2,Quote,,,,,,,,,,1388.0,,,
546,HMb.ST,20090701,07:10:25.480356,2,Trade,,387.5,300.0,NIP ,,,,NON ,,,,15b cYd e f6 g1[ALIAS]; 99[IRGCOND];   [PRC_QL2],07:10:25.000
547,HMb.ST,20090701,07:10:25.581609,2,Trade,,387.5,110.0,NIP ,,,,EPB ,,,,15b cYd e f6 g1[ALIAS]; 99[IRGCOND];   [PRC_QL2],07:10:25.000
548,HMb.ST,20090701,07:10:33.035931,2,Quote,,,,,,,,,,1852.0,,,
549,HMb.ST,20090701,07:10:39.981280,2,Quote,,,,,,,,,,1702.0,,,
550,HMb.ST,20090701,07:10:39.981280,2,Quote,,,,,,9404.0,,,,,,,
551,HMb.ST,20090701,07:10:40.058899,2,Trade,,387.5,150.0,BPP ,,,,EPB ,,,,15b cYd e f6 g1[ALIAS]; 99[IRGCOND];   [PRC_QL2],07:10:39.000
552,HMb.ST,20090701,07:10:53.916225,2,Quote,,,,,,,,,,1825.0,,,
553,HMb.ST,20090701,07:10:54.459613,2,Quote,,,,,,,,,,625.0,,,
554,HMb.ST,20090701,07:10:54.459613,2,Quote,,,,,,,,,,587.0,,,
555,HMb.ST,20090701,07:10:54.459613,2,Quote,,,,,,,,,,417.0,,,
556,HMb.ST,20090701,07:10:54.459613,2,Trade,,387.5,1200.0,SGP ,,,,EPB ,,,,15b cYd e f6 g1[ALIAS]; 99[IRGCOND];   [PRC_QL2],07:10:54.000
557,HMb.ST,20090701,07:10:54.464851,2,Trade,,387.5,38.0,SGP ,,,,AVA ,,,,15b cYd e f6 g1[ALIAS]; 99[IRGCOND];   [PRC_QL2],07:10:54.000
558,HMb.ST,20090701,07:10:54.464851,2,Trade,,387.5,170.0,SGP ,,,,MSI ,,,,15b cYd e f6 g1[ALIAS]; 99[IRGCOND];   [PRC_QL2],07:10:54.000
559,HMb.ST,20090701,07:10:54.764905,2,Quote,,,,,,,,,,462.0,,,
560,HMb.ST,20090701,07:10:55.344950,2,Quote,,,,,,,,,,1762.0,,,
561,HMb.ST,20090701,07:10:55.603122,2,Quote,,,,,,,,,,1639.0,,,
562,HMb.ST,20090701,07:10:56.867893,2,Quote,,,,,,8901.0,,,,,,,
563,HMb.ST,20090701,07:10:56.867893,2,Quote,,,,,,7901.0,,,,,,,
564,HMb.ST,20090701,07:10:56.867893,2,Quote,,,,,,7721.0,,,,,,,
565,HMb.ST,20090701,07:10:56.867893,2,Quote,,,,,,5250.0,,,,,,,
566,HMb.ST,20090701,07:10:56.867893,2,Trade,,387.0,503.0,NIP ,,,,NEO ,,,,15b cYd e f6 g1[ALIAS]; 99[IRGCOND];   [PRC_QL2],07:10:56.000
567,HMb.ST,20090701,07:10:56.870309,2,Trade,,387.0,1000.0,AVA ,,,,NEO ,,,,15b cYd e f6 g1[ALIAS]; 99[IRGCOND];   [PRC_QL2],07:10:56.000
568,HMb.ST,20090701,07:10:56.870309,2,Trade,,387.0,180.0,NIP ,,,,NEO ,,,,15b cYd e f6 g1[ALIAS]; 99[IRGCOND];   [PRC_QL2],07:10:56.000
569,HMb.ST,20090701,07:10:56.922677,2,Trade,,387.0,2471.0,UBS ,,,,NEO ,,,,15b cYd e f6 g1[ALIAS]; 99[IRGCOND];   [PRC_QL2],07:10:56.000
570,HMb.ST,20090701,07:10:57.168617,2,Quote,,,,,,5006.0,,,,,,,
571,HMb.ST,20090701,07:10:57.168617,2,Trade,,387.0,244.0,UBS ,,,,IMC ,,,,15b cYd e f6 g1[ALIAS]; 99[IRGCOND];   [PRC_QL2],07:10:57.000
572,HMb.ST,20090701,07:10:57.264418,2,Quote,,,,,,7820.0,,,,,,,
573,HMb.ST,20090701,07:10:57.318922,2,Quote,,,,,,,,,,1345.0,,,
574,HMb.ST,20090701,07:10:57.318922,2,Quote,,,,,,,,,,1300.0,,,
575,HMb.ST,20090701,07:10:57.318922,2,Quote,,,,,,,,,,974.0,,,
576,HMb.ST,20090701,07:10:57.318922,2,Trade,,387.5,294.0,NIP ,,,,MSI ,,,,15b cYd e f6 g1[ALIAS]; 99[IRGCOND];   [PRC_QL2],07:10:57.000
577,HMb.ST,20090701,07:10:57.318922,2,Trade,,387.5,45.0,NIP ,,,,CSB ,,,,15b cYd e f6 g1[ALIAS]; 99[IRGCOND];   [PRC_QL2],07:10:57.000
578,HMb.ST,20090701,07:10:57.321406,2,Trade,,387.5,326.0,NIP ,,,,CDV ,,,,15b cYd e f6 g1[ALIAS]; 99[IRGCOND];   [PRC_QL2],07:10:57.000
579,HMb.ST,20090701,07:10:57.353906,2,Quote,,,,,,,,,,1490.0,,,
580,HMb.ST,20090701,07:10:58.351504,2,Quote,,,,,,,,,,990.0,,,
581,HMb.ST,20090701,07:10:58.351504,2,Trade,,387.5,500.0,NON ,,,,CDV ,,,,15b cYd e f6 g1[ALIAS]; 99[IRGCOND];   [PRC_QL2],07:10:58.000
582,HMb.ST,20090701,07:11:03.820434,2,Quote,,,,,,,,,,1112.0,,,
583,HMb.ST,20090701,07:11:12.283234,2,Quote,,,,,,7800.0,,,,,,,
584,HMb.ST,20090701,07:11:12.401450,2,Trade,,387.0,20.0,UBS ,,,,SBN ,,,,15b cYd e f6 g1[ALIAS]; 99[IRGCOND];   [PRC_QL2],07:11:12.000
585,HMb.ST,20090701,07:11:16.475268,2,Quote,,,,,,7640.0,,,,,,,
586,HMb.ST,20090701,07:11:16.475268,2,Trade,,387.0,160.0,UBS ,,,,SGP ,,,,15b cYd e f6 g1[ALIAS]; 99[IRGCOND];   [PRC_QL2],07:11:16.000
587,HMb.ST,20090701,07:11:22.552724,2,Quote,,,,,,,,,,638.0,,,
588,HMb.ST,20090701,07:11:22.552724,2,Quote,,,,,,,,,,122.0,,,
589,HMb.ST,20090701,07:11:22.552724,2,Quote,,,,,,,,,388.0,8503.0,,,
590,HMb.ST,20090701,07:11:22.552724,2,Quote,,,,,387.5,56.0,,,,,,,
591,HMb.ST,20090701,07:11:22.552724,2,Trade,,387.5,474.0,HQD ,,,,CDV ,,,,15b cYd e f6 g1[ALIAS]; 99[IRGCOND];   [PRC_QL2],07:11:22.000
592,HMb.ST,20090701,07:11:22.552724,2,Trade,,387.5,516.0,HQD ,,,,CSB ,,,,15b cYd e f6 g1[ALIAS]; 99[IRGCOND];   [PRC_QL2],07:11:22.000
593,HMb.ST,20090701,07:11:22.585016,2,Trade,,387.5,122.0,HQD ,,,,SAB ,,,,15b cYd e f6 g1[ALIAS]; 99[IRGCOND];   [PRC_QL2],07:11:22.000
594,HMb.ST,20090701,07:11:22.585016,2,Quote,,,,,387.0,7640.0,,,,,,,
595,HMb.ST,20090701,07:11:22.585016,2,Trade,,387.5,56.0,HQD ,,,,CSB ,,,,15b cYd e f6 g1[ALIAS]; 99[IRGCOND];   [PRC_QL2],07:11:22.000
596,HMb.ST,20090701,07:11:22.655629,2,Quote,,,,,,,,,,8903.0,,,
597,HMb.ST,20090701,07:11:22.668845,2,Quote,,,,,,,,,387.5,160.0,,,
598,HMb.ST,20090701,07:11:22.668845,2,Quote,,,,,,,,,388.0,8903.0,,,
599,HMb.ST,20090701,07:11:22.668845,2,Trade,,387.5,160.0,UBS ,,,,CSB ,,,,15b cYd e f6 g1[ALIAS]; 99[IRGCOND];   [PRC_QL2],07:11:22.000
600,HMb.ST,20090701,07:11:22.668845,2,Quote,,,,,,,,,,8743.0,,,
601,HMb.ST,20090701,07:11:22.743298,2,Quote,,,,,,,,,,8503.0,,,
602,HMb.ST,20090701,07:11:23.539014,2,Quote,,,,,387.5,628.0,,,,,,,
603,HMb.ST,20090701,07:11:24.829548,2,Quote,,,,,,1628.0,,,,,,,
604,HMb.ST,20090701,07:11:25.321616,2,Quote,,,,,,,,,,8173.0,,,
605,HMb.ST,20090701,07:11:25.321616,2,Quote,,,,,,,,,,8073.0,,,
606,HMb.ST,20090701,07:11:25.345941,2,Quote,,,,,,,,,,7875.0,,,
607,HMb.ST,20090701,07:11:25.345941,2,Trade,,388.0,330.0,NIP ,,,,CDV ,,,,15b cYd e f6 g1[ALIAS]; 99[IRGCOND];   [PRC_QL2],07:11:25.000
608,HMb.ST,20090701,07:11:25.345941,2,Trade,,388.0,100.0,NIP ,,,,ENS ,,,,15b cYd e f6 g1[ALIAS]; 99[IRGCOND];   [PRC_QL2],07:11:25.000
609,HMb.ST,20090701,07:11:25.345941,2,Trade,,388.0,198.0,NIP ,,,,NDS ,,,,15b cYd e f6 g1[ALIAS]; 99[IRGCOND];   [PRC_QL2],07:11:25.000
610,HMb.ST,20090701,07:11:25.757653,2,Quote,,,,,,,,,,7995.0,,,
611,HMb.ST,20090701,07:11:26.608359,2,Quote,,,,,,1000.0,,,,,,,
612,HMb.ST,20090701,07:11:26.608359,2,Quote,,,,,,2000.0,,,,,,,
613,HMb.ST,20090701,07:11:26.875675,2,Quote,,,,,,2317.0,,,,,,,
614,HMb.ST,20090701,07:11:26.956218,2,Quote,,,,,,,,,,6795.0,,,
615,HMb.ST,20090701,07:11:28.056891,2,Quote,,,,,,,,,,6593.0,,,
616,HMb.ST,20090701,07:11:28.056891,2,Quote,,,,,,,,,,6371.0,,,
617,HMb.ST,20090701,07:11:28.056891,2,Trade,,388.0,202.0,NIP ,,,,NDS ,,,,15b cYd e f6 g1[ALIAS]; 99[IRGCOND];   [PRC_QL2],07:11:27.000
618,HMb.ST,20090701,07:11:28.116227,2,Trade,,388.0,222.0,NIP ,,,,NEO ,,,,15b cYd e f6 g1[ALIAS]; 99[IRGCOND];   [PRC_QL2],07:11:27.000
619,HMb.ST,20090701,07:11:28.180629,2,Quote,,,,,,,,,,5971.0,,,
620,HMb.ST,20090701,07:11:34.346937,2,Quote,,,,,,4730.0,,,,,,,
621,HMb.ST,20090701,07:11:34.771801,2,Quote,,,,,,4600.0,,,,,,,
622,HMb.ST,20090701,07:11:34.774441,2,Trade,,387.5,130.0,DBL ,,,,SHB ,,,,15b cYd e f6 g1[ALIAS]; 99[IRGCOND];   [PRC_QL2],07:11:34.000
623,HMb.ST,20090701,07:11:35.496698,2,Quote,,,,,,3730.0,,,,,,,
624,HMb.ST,20090701,07:11:35.621279,2,Quote,,,,,,4730.0,,,,,,,
625,HMb.ST,20090701,07:11:40.112095,2,Quote,,,,,,,,,,6721.0,,,
626,HMb.ST,20090701,07:11:44.323612,2,Quote,,,,,,2317.0,,,,,,,
627,HMb.ST,20090701,07:11:44.423295,2,Quote,,,,,,,,,,7721.0,,,
628,HMb.ST,20090701,07:11:46.201211,2,Quote,,,,,,1317.0,,,,,,,
629,HMb.ST,20090701,07:11:50.108656,2,Quote,,,,,,,,,,6971.0,,,
630,HMb.ST,20090701,07:11:54.325504,2,Quote,,,,,,4174.0,,,,,,,
631,HMb.ST,20090701,07:11:54.325504,2,Quote,,,,,,3857.0,,,,,,,
632,HMb.ST,20090701,07:11:54.325504,2,Quote,,,,,,3658.0,,,,,,,
633,HMb.ST,20090701,07:11:54.325504,2,Trade,,387.5,317.0,NIP ,,,,CSB ,,,,15b cYd e f6 g1[ALIAS]; 99[IRGCOND];   [PRC_QL2],07:11:54.000
634,HMb.ST,20090701,07:11:54.389705,2,Trade,,387.5,199.0,DBL ,,,,CSB ,,,,15b cYd e f6 g1[ALIAS]; 99[IRGCOND];   [PRC_QL2],07:11:54.000
635,HMb.ST,20090701,07:11:54.389705,2,Quote,,,,,,801.0,,,,,,,
636,HMb.ST,20090701,07:11:54.465131,2,Quote,,,,,,,,,,7371.0,,,
637,HMb.ST,20090701,07:11:55.603561,2,Quote,,,,,387.0,6613.0,,,,,,,
638,HMb.ST,20090701,07:11:55.669210,2,Quote,,,,,,6782.0,,,,,,,
639,HMb.ST,20090701,07:11:55.688111,2,Quote,,,,,,5423.0,,,,,,,
640,HMb.ST,20090701,07:11:55.688111,2,Quote,,,,,387.5,1000.0,,,,,,,
641,HMb.ST,20090701,07:12:01.855101,2,Quote,,,,,387.0,7137.0,,,,,,,
642,HMb.ST,20090701,07:12:01.855101,2,Quote,,,,,,,,,,6371.0,,,
643,HMb.ST,20090701,07:12:01.855101,2,Quote,,,,,,,,,387.5,1000.0,,,
644,HMb.ST,20090701,07:12:01.855101,2,Trade,,387.5,1000.0,DBL ,,,,ENS ,,,,15b cYd e f6 g1[ALIAS]; 99[IRGCOND];   [PRC_QL2],07:12:01.000
645,HMb.ST,20090701,07:12:01.855101,2,Quote,,,,,,,,,,484.0,,,
646,HMb.ST,20090701,07:12:01.855101,2,Trade,,387.5,516.0,CSB ,,,,ENS ,,,,15b cYd e f6 g1[ALIAS]; 99[IRGCOND];   [PRC_QL2],07:12:01.000
647,HMb.ST,20090701,07:12:01.885538,2,Quote,,,,,,7506.0,,,,,,,
648,HMb.ST,20090701,07:12:01.885538,2,Quote,,,,,,7306.0,,,,,,,
649,HMb.ST,20090701,07:12:01.890633,2,Quote,,,,,,5423.0,,,,,,,
650,HMb.ST,20090701,07:12:02.123645,2,Quote,,,,,,5354.0,,,,,,,
651,HMb.ST,20090701,07:12:02.123645,2,Quote,,,,,,,,,,173.0,,,
652,HMb.ST,20090701,07:12:02.123645,2,Trade,,387.5,311.0,NIP ,,,,ENS ,,,,15b cYd e f6 g1[ALIAS]; 99[IRGCOND];   [PRC_QL2],07:12:02.000
653,HMb.ST,20090701,07:12:02.123645,2,Quote,,,,,,5254.0,,,,,,,
654,HMb.ST,20090701,07:12:04.420065,2,Quote,,,,,,6665.0,,,,,,,
655,HMb.ST,20090701,07:12:04.420065,2,Quote,,,,,,5254.0,,,,,,,
656,HMb.ST,20090701,07:12:05.013296,2,Quote,,,,,,,,,,173.0,,,
657,HMb.ST,20090701,07:12:05.013296,2,Trade,,387.5,172.0,ENS ,,,,ENS ,,,,15b cYd e f6 g1[ALIAS]; 99[IRGCOND];   [PRC_QL2],07:12:04.000
658,HMb.ST,20090701,07:12:05.356844,2,Quote,,,,,,,,,,293.0,,,
659,HMb.ST,20090701,07:12:10.011786,2,Quote,,,,,,,,,,120.0,,,
660,HMb.ST,20090701,07:12:10.011786,2,Quote,,,,,,,,,,1120.0,,,
661,HMb.ST,20090701,07:12:10.011786,2,Quote,,,,,,,,,,1000.0,,,
662,HMb.ST,20090701,07:12:10.011786,2,Trade,,387.5,173.0,SGP ,,,,ENS ,,,,15b cYd e f6 g1[ALIAS]; 99[IRGCOND];   [PRC_QL2],07:12:09.000
663,HMb.ST,20090701,07:12:10.017484,2,Trade,,387.5,120.0,SGP ,,,,SAB ,,,,15b cYd e f6 g1[ALIAS]; 99[IRGCOND];   [PRC_QL2],07:12:09.000
664,HMb.ST,20090701,07:12:14.260499,2,Quote,,,,,,,,,,1235.0,,,
665,HMb.ST,20090701,07:12:14.335539,2,Quote,,,,,,7133.0,,,,,,,
666,HMb.ST,20090701,07:12:14.421425,2,Quote,,,,,,5254.0,,,,,,,
667,HMb.ST,20090701,07:12:18.535776,2,Quote,,,,,,,,,,2695.0,,,
668,HMb.ST,20090701,07:12:21.124507,2,Quote,,,,,,5054.0,,,,,,,
669,HMb.ST,20090701,07:12:21.124507,2,Trade,,387.0,200.0,UBS ,,,,CSA ,,,,15b cYd e f6 g1[ALIAS]; 99[IRGCOND];   [PRC_QL2],07:12:20.000
670,HMb.ST,20090701,07:12:21.210454,2,Quote,,,,,,6981.0,,,,,,,
671,HMb.ST,20090701,07:12:21.210454,2,Quote,,,,,,5744.0,,,,,,,
672,HMb.ST,20090701,07:12:24.293478,2,Quote,,,,,,,,,,2892.0,,,
673,HMb.ST,20090701,07:12:24.463637,2,Quote,,,,,,6242.0,,,,,,,
674,HMb.ST,20090701,07:12:29.057549,2,Quote,,,,,,,,,,2695.0,,,
675,HMb.ST,20090701,07:12:29.190942,2,Quote,,,,,,,,,,2892.0,,,
676,HMb.ST,20090701,07:12:30.261299,2,Quote,,,,,,,,,,3642.0,,,
677,HMb.ST,20090701,07:12:34.336272,2,Quote,,,,,,5744.0,,,,,,,
678,HMb.ST,20090701,07:12:35.163324,2,Quote,,,,,,,,,,2892.0,,,
679,HMb.ST,20090701,07:12:48.308367,2,Quote,,,,,,5844.0,,,,,,,
680,HMb.ST,20090701,07:12:54.132026,2,Quote,,,,,,5994.0,,,,,,,
681,HMb.ST,20090701,07:12:58.803501,2,Quote,,,,,,,,,,4010.0,,,
682,HMb.ST,20090701,07:13:02.732790,2,Quote,,,,,,,,,,2892.0,,,
683,HMb.ST,20090701,07:13:02.757862,2,Quote,,,,,,,,,,4010.0,,,
684,HMb.ST,20090701,07:13:21.801631,2,Quote,,,,,,6035.0,,,,,,,
685,HMb.ST,20090701,07:13:22.702954,2,Quote,,,,,,5345.0,,,,,,,
686,HMb.ST,20090701,07:13:22.702954,2,Quote,,,,,,3917.0,,,,,,,
687,HMb.ST,20090701,07:13:22.800133,2,Quote,,,,,,6799.0,,,,,,,
688,HMb.ST,20090701,07:13:24.336153,2,Quote,,,,,,3917.0,,,,,,,
689,HMb.ST,20090701,07:13:24.400319,2,Quote,,,,,,3517.0,,,,,,,
690,HMb.ST,20090701,07:13:24.400319,2,Quote,,,,,,6370.0,,,,,,,
691,HMb.ST,20090701,07:13:26.709782,2,Quote,,,,,,,,,,4231.0,,,
692,HMb.ST,20090701,07:13:27.262106,2,Quote,,,,,,,,,,4431.0,,,
693,HMb.ST,20090701,07:13:33.195190,2,Quote,,,,,,,,,,5334.0,,,
694,HMb.ST,20090701,07:13:34.390994,2,Quote,,,,,,3517.0,,,,,,,
695,HMb.ST,20090701,07:13:34.444054,2,Quote,,,,,,6374.0,,,,,,,
696,HMb.ST,20090701,07:13:44.346393,2,Quote,,,,,,3517.0,,,,,,,
697,HMb.ST,20090701,07:13:44.346393,2,Quote,,,,,,,,,,6164.0,,,
698,HMb.ST,20090701,07:13:45.581977,2,Quote,,,,,,4117.0,,,,,,,
699,HMb.ST,20090701,07:13:45.775198,2,Quote,,,,,,,,,,5261.0,,,
700,HMb.ST,20090701,07:13:49.115906,2,Quote,,,,,,,,,,4431.0,,,
701,HMb.ST,20090701,07:13:49.603333,2,Quote,,,,,,,,,,5334.0,,,
702,HMb.ST,20090701,07:13:54.347379,2,Quote,,,,,,6904.0,,,,,,,
703,HMb.ST,20090701,07:13:54.396818,2,Quote,,,,,,4117.0,,,,,,,
704,HMb.ST,20090701,07:13:55.546517,2,Quote,,,,,,3517.0,,,,,,,
705,HMb.ST,20090701,07:13:59.266784,2,Quote,,,,,,,,,,4431.0,,,
706,HMb.ST,20090701,07:14:01.328048,2,Quote,,,,,,3417.0,,,,,,,
707,HMb.ST,20090701,07:14:01.328048,2,Quote,,,,,,2717.0,,,,,,,
708,HMb.ST,20090701,07:14:01.328048,2,Trade,,387.0,100.0,NON ,,,,NON ,,,,15b cYd e f6 g1[ALIAS]; 99[IRGCOND];   [PRC_QL2],07:14:01.000
709,HMb.ST,20090701,07:14:01.328048,2,Trade,,387.0,700.0,UBS ,,,,NON ,,,,15b cYd e f6 g1[ALIAS]; 99[IRGCOND];   [PRC_QL2],07:14:01.000
710,HMb.ST,20090701,07:14:01.412342,2,Quote,,,,,,6439.0,,,,,,,
711,HMb.ST,20090701,07:14:01.412342,2,Quote,,,,,,,,,,5334.0,,,
712,HMb.ST,20090701,07:14:01.469196,2,Quote,,,,,,3373.0,,,,,,,
713,HMb.ST,20090701,07:14:03.583168,2,Quote,,,,,,,,,,5137.0,,,
714,HMb.ST,20090701,07:14:03.654787,2,Quote,,,,,,,,,,5241.0,,,
715,HMb.ST,20090701,07:14:04.346307,2,Quote,,,,,,5942.0,,,,,,,
716,HMb.ST,20090701,07:14:04.394252,2,Quote,,,,,,3373.0,,,,,,,
717,HMb.ST,20090701,07:14:04.622793,2,Quote,,,,,,,,,,4123.0,,,
718,HMb.ST,20090701,07:14:04.698890,2,Quote,,,,,,,,,,4703.0,,,
719,HMb.ST,20090701,07:14:05.538522,2,Quote,,,,,,,,,,3800.0,,,
720,HMb.ST,20090701,07:14:14.329583,2,Quote,,,,,,5930.0,,,,,,,
721,HMb.ST,20090701,07:14:24.358393,2,Quote,,,,,,3373.0,,,,,,,
722,HMb.ST,20090701,07:14:26.388067,2,Quote,,,,,,,,,,5200.0,,,
723,HMb.ST,20090701,07:14:33.745050,2,Quote,,,,,,,,,,5663.0,,,
724,HMb.ST,20090701,07:14:34.337308,2,Quote,,,,,,5727.0,,,,,,,
725,HMb.ST,20090701,07:14:42.778548,2,Quote,,,,,,,,,,6063.0,,,
726,HMb.ST,20090701,07:14:44.332139,2,Quote,,,,,,3373.0,,,,,,,
727,HMb.ST,20090701,07:14:45.449562,2,Quote,,,,,,,,,,6058.0,,,
728,HMb.ST,20090701,07:14:45.449562,2,Trade,,387.5,5.0,DIF ,,,,ENS ,,,,15b cYd e f6 g1[ALIAS]; 99[IRGCOND];   [PRC_QL2],07:14:45.000
729,HMb.ST,20090701,07:14:53.327394,2,Quote,,,,,,,,,,6017.0,,,
730,HMb.ST,20090701,07:14:53.327394,2,Quote,,,,,,3332.0,,,,,,,
731,HMb.ST,20090701,07:14:53.327394,2,Trade,,387.5,41.0,SGP ,,,,ENS ,,,,15b cYd e f6 g1[ALIAS]; 99[IRGCOND];   [PRC_QL2],07:14:53.000
732,HMb.ST,20090701,07:14:53.327394,2,Quote,,,,,,3128.0,,,,,,,
733,HMb.ST,20090701,07:14:53.327394,2,Quote,,,,,,3068.0,,,,,,,
734,HMb.ST,20090701,07:14:53.327394,2,Quote,,,,,,1198.0,,,,,,,
735,HMb.ST,20090701,07:14:53.327394,2,Quote,,,,,,806.0,,,,,,,
736,HMb.ST,20090701,07:14:53.327394,2,Quote,,,,,,656.0,,,,,,,
737,HMb.ST,20090701,07:14:53.334676,2,Quote,,,,,386.5,4368.0,,,,,,,
738,HMb.ST,20090701,07:14:53.334676,2,Quote,,,,,,,,,387.0,1668.0,,,
739,HMb.ST,20090701,07:14:53.334676,2,Trade,,387.0,204.0,UBS ,,,,SWB ,,,,15b cYd e f6 g1[ALIAS]; 99[IRGCOND];   [PRC_QL2],07:14:53.000
740,HMb.ST,20090701,07:14:53.334676,2,Trade,,387.0,60.0,AVA ,,,,SWB ,,,,15b cYd e f6 g1[ALIAS]; 99[IRGCOND];   [PRC_QL2],07:14:53.000
741,HMb.ST,20090701,07:14:53.334676,2,Trade,,387.0,1870.0,UBS ,,,,SWB ,,,,15b cYd e f6 g1[ALIAS]; 99[IRGCOND];   [PRC_QL2],07:14:53.000
742,HMb.ST,20090701,07:14:53.334676,2,Trade,,387.0,392.0,NIP ,,,,SWB ,,,,15b cYd e f6 g1[ALIAS]; 99[IRGCOND];   [PRC_QL2],07:14:53.000
743,HMb.ST,20090701,07:14:53.334676,2,Trade,,387.0,150.0,BPP ,,,,SWB ,,,,15b cYd e f6 g1[ALIAS]; 99[IRGCOND];   [PRC_QL2],07:14:53.000
744,HMb.ST,20090701,07:14:53.341461,2,Trade,,387.0,656.0,UBS ,,,,SWB ,,,,15b cYd e f6 g1[ALIAS]; 99[IRGCOND];   [PRC_QL2],07:14:53.000
745,HMb.ST,20090701,07:14:53.341461,2,Quote,,,,,,,,,,1889.0,,,
746,HMb.ST,20090701,07:14:53.341461,2,Quote,,,,,,,,,,2110.0,,,
747,HMb.ST,20090701,07:14:53.341461,2,Quote,,,,,,,,,,1889.0,,,
748,HMb.ST,20090701,07:14:53.357375,2,Quote,,,,,,4768.0,,,,,,,
749,HMb.ST,20090701,07:14:53.380883,2,Quote,,,,,,3908.0,,,,,,,
750,HMb.ST,20090701,07:14:53.399958,2,Quote,,,,,,6482.0,,,,,,,
751,HMb.ST,20090701,07:14:53.456430,2,Quote,,,,,,6082.0,,,,,,,
752,HMb.ST,20090701,07:14:53.802790,2,Quote,,,,,,,,,,1488.0,,,
753,HMb.ST,20090701,07:14:53.802790,2,Trade,,387.0,401.0,NIP ,,,,SWB ,,,,15b cYd e f6 g1[ALIAS]; 99[IRGCOND];   [PRC_QL2],07:14:53.000
754,HMb.ST,20090701,07:14:54.261706,2,Quote,,,,,,,,,,1511.0,,,
755,HMb.ST,20090701,07:14:54.743206,2,Quote,,,,,,,,,,1590.0,,,
756,HMb.ST,20090701,07:14:55.601151,2,Quote,,,,,,7513.0,,,,,,,
757,HMb.ST,20090701,07:15:01.151950,2,Quote,,,,,,,,,,3050.0,,,
758,HMb.ST,20090701,07:15:02.778277,2,Quote,,,,,,7545.0,,,,,,,
759,HMb.ST,20090701,07:15:03.691793,2,Quote,,,,,,,,,,3146.0,,,
760,HMb.ST,20090701,07:15:04.334146,2,Quote,,,,,,,,,,3304.0,,,
761,HMb.ST,20090701,07:15:04.368174,2,Quote,,,,,,,,,,3146.0,,,
762,HMb.ST,20090701,07:15:04.368174,2,Quote,,,,,,,,,,2111.0,,,
763,HMb.ST,20090701,07:15:04.368174,2,Trade,,387.0,158.0,UBS ,,,,UBS ,,,,15b cYd e f6 g1[ALIAS]; 99[IRGCOND];   [PRC_QL2],07:15:04.000
764,HMb.ST,20090701,07:15:04.368174,2,Trade,,387.0,1035.0,UBS ,,,,SWB ,,,,15b cYd e f6 g1[ALIAS]; 99[IRGCOND];   [PRC_QL2],07:15:04.000
765,HMb.ST,20090701,07:15:04.368174,2,Quote,,,,,,,,,,2090.0,,,
766,HMb.ST,20090701,07:15:04.396515,2,Trade,,387.0,21.0,UBS ,,,,SWB ,,,,15b cYd e f6 g1[ALIAS]; 99[IRGCOND];   [PRC_QL2],07:15:04.000
767,HMb.ST,20090701,07:15:05.335042,2,Quote,,,,,,,,,,2011.0,,,
768,HMb.ST,20090701,07:15:05.526493,2,Quote,,,,,,,,,,1915.0,,,
769,HMb.ST,20090701,07:15:05.526493,2,Quote,,,,,,,,,,1704.0,,,
770,HMb.ST,20090701,07:15:05.526493,2,Quote,,,,,,,,,,1610.0,,,
771,HMb.ST,20090701,07:15:05.526493,2,Trade,,387.0,96.0,NIP ,,,,NIP ,,,,15b cYd e f6 g1[ALIAS]; 99[IRGCOND];   [PRC_QL2],07:15:05.000
772,HMb.ST,20090701,07:15:05.526493,2,Trade,,387.0,211.0,NIP ,,,,SWB ,,,,15b cYd e f6 g1[ALIAS]; 99[IRGCOND];   [PRC_QL2],07:15:05.000
773,HMb.ST,20090701,07:15:05.526493,2,Trade,,387.0,94.0,NIP ,,,,SHB ,,,,15b cYd e f6 g1[ALIAS]; 99[IRGCOND];   [PRC_QL2],07:15:05.000
774,HMb.ST,20090701,07:15:05.571210,2,Quote,,,,,,6114.0,,,,,,,
775,HMb.ST,20090701,07:15:05.698495,2,Quote,,,,,,6876.0,,,,,,,
776,HMb.ST,20090701,07:15:08.975400,2,Quote,,,,,,,,,,1660.0,,,
777,HMb.ST,20090701,07:15:09.476811,2,Quote,,,,,,7976.0,,,,,,,
778,HMb.ST,20090701,07:15:09.803563,2,Quote,,,,,,,,,,2660.0,,,
779,HMb.ST,20090701,07:15:13.971606,2,Quote,,,,,,8376.0,,,,,,,
780,HMb.ST,20090701,07:15:25.771368,2,Quote,,,,,,,,,,3518.0,,,
781,HMb.ST,20090701,07:15:32.127454,2,Quote,,,,,,8306.0,,,,,,,
782,HMb.ST,20090701,07:15:32.127454,2,Quote,,,,,,7923.0,,,,,,,
783,HMb.ST,20090701,07:15:32.127454,2,Quote,,,,,,7823.0,,,,,,,
784,HMb.ST,20090701,07:15:32.127454,2,Quote,,,,,,7473.0,,,,,,,
785,HMb.ST,20090701,07:15:32.127454,2,Quote,,,,,,7448.0,,,,,,,
786,HMb.ST,20090701,07:15:32.127454,2,Quote,,,,,,7442.0,,,,,,,
787,HMb.ST,20090701,07:15:32.127454,2,Trade,,386.5,70.0,AVA ,,,,SGP ,,,,15b cYd e f6 g1[ALIAS]; 99[IRGCOND];   [PRC_QL2],07:15:32.000
788,HMb.ST,20090701,07:15:32.127454,2,Trade,,386.5,383.0,MSI ,,,,SGP ,,,,15b cYd e f6 g1[ALIAS]; 99[IRGCOND];   [PRC_QL2],07:15:32.000
789,HMb.ST,20090701,07:15:32.135881,2,Trade,,386.5,100.0,AVA ,,,,SGP ,,,,15b cYd e f6 g1[ALIAS]; 99[IRGCOND];   [PRC_QL2],07:15:32.000
790,HMb.ST,20090701,07:15:32.177117,2,Trade,,386.5,350.0,AVA ,,,,SGP ,,,,15b cYd e f6 g1[ALIAS]; 99[IRGCOND];   [PRC_QL2],07:15:32.000
791,HMb.ST,20090701,07:15:32.177117,2,Trade,,386.5,25.0,NON ,,,,SGP ,,,,15b cYd e f6 g1[ALIAS]; 99[IRGCOND];   [PRC_QL2],07:15:32.000
792,HMb.ST,20090701,07:15:32.177117,2,Trade,,386.5,6.0,UBS ,,,,SGP ,,,,15b cYd e f6 g1[ALIAS]; 99[IRGCOND];   [PRC_QL2],07:15:32.000
793,HMb.ST,20090701,07:15:32.240015,2,Quote,,,,,,,,,,3391.0,,,
794,HMb.ST,20090701,07:15:32.240015,2,Quote,,,,,,,,,,3368.0,,,
795,HMb.ST,20090701,07:15:32.240015,2,Quote,,,,,,,,,,3350.0,,,
796,HMb.ST,20090701,07:15:32.240015,2,Trade,,387.0,127.0,UBS ,,,,SHB ,,,,15b cYd e f6 g1[ALIAS]; 99[IRGCOND];   [PRC_QL2],07:15:32.000
797,HMb.ST,20090701,07:15:32.307288,2,Trade,,387.0,23.0,UBS ,,,,MSI ,,,,15b cYd e f6 g1[ALIAS]; 99[IRGCOND];   [PRC_QL2],07:15:32.000
798,HMb.ST,20090701,07:15:32.307288,2,Trade,,387.0,18.0,UBS ,,,,EPB ,,,,15b cYd e f6 g1[ALIAS]; 99[IRGCOND];   [PRC_QL2],07:15:32.000
799,HMb.ST,20090701,07:15:35.849905,2,Quote,,,,,,6342.0,,,,,,,
800,HMb.ST,20090701,07:15:45.620410,2,Quote,,,,,,,,,,3450.0,,,
801,HMb.ST,20090701,07:15:56.988606,2,Quote,,,,,,6442.0,,,,,,,
802,HMb.ST,20090701,07:16:01.531012,2,Quote,,,,,,6410.0,,,,,,,
803,HMb.ST,20090701,07:16:03.036621,2,Quote,,,,,,8410.0,,,,,,,
804,HMb.ST,20090701,07:16:07.870476,2,Quote,,,,,,9622.0,,,,,,,
805,HMb.ST,20090701,07:16:26.743847,2,Quote,,,,,,9833.0,,,,,,,
806,HMb.ST,20090701,07:16:29.525513,2,Quote,,,,,,,,,,2861.0,,,
807,HMb.ST,20090701,07:16:29.525513,2,Trade,,387.0,589.0,DBL ,,,,EPB ,,,,15b cYd e f6 g1[ALIAS]; 99[IRGCOND];   [PRC_QL2],07:16:29.000
808,HMb.ST,20090701,07:16:29.525513,2,Quote,,,,,,,,,,2999.0,,,
809,HMb.ST,20090701,07:16:29.600733,2,Quote,,,,,,,,,,3849.0,,,
810,HMb.ST,20090701,07:16:30.707122,2,Quote,,,,,,,,,,3438.0,,,
811,HMb.ST,20090701,07:16:30.707122,2,Trade,,387.0,411.0,NIP ,,,,NIP ,,,,15b cYd e f6 g1[ALIAS]; 99[IRGCOND];   [PRC_QL2],07:16:30.000
812,HMb.ST,20090701,07:16:35.278050,2,Quote,,,,,,,,,,3901.0,,,
813,HMb.ST,20090701,07:16:35.484677,2,Quote,,,,,,,,,,3861.0,,,
814,HMb.ST,20090701,07:16:35.484677,2,Trade,,387.0,40.0,DDB ,,,,EPB ,,,,15b cYd e f6 g1[ALIAS]; 99[IRGCOND];   [PRC_QL2],07:16:35.000
815,HMb.ST,20090701,07:16:45.336333,2,Quote,,,,,,,,,,3011.0,,,
816,HMb.ST,20090701,07:16:45.691197,2,Quote,,,,,,,,,,3150.0,,,
817,HMb.ST,20090701,07:17:00.448024,2,Quote,,,,,,,,,,3550.0,,,
818,HMb.ST,20090701,07:17:02.972613,2,Quote,,,,,,8899.0,,,,,,,
819,HMb.ST,20090701,07:17:02.972613,2,Trade,,386.5,934.0,UBS ,,,,SGP ,,,,15b cYd e f6 g1[ALIAS]; 99[IRGCOND];   [PRC_QL2],07:17:02.000
820,HMb.ST,20090701,07:17:03.026637,2,Quote,,,,,,9835.0,,,,,,,
821,HMb.ST,20090701,07:17:03.240761,2,Quote,,,,,,,,,,3103.0,,,
822,HMb.ST,20090701,07:17:04.336820,2,Quote,,,,,,11035.0,,,,,,,
823,HMb.ST,20090701,07:17:06.184007,2,Quote,,,,,,9395.0,,,,,,,
824,HMb.ST,20090701,07:17:06.184007,2,Quote,,,,,,9350.0,,,,,,,
825,HMb.ST,20090701,07:17:06.184007,2,Trade,,386.5,1640.0,UBS ,,,,HQB ,,,,15b cYd e f6 g1[ALIAS]; 99[IRGCOND];   [PRC_QL2],07:17:06.000
826,HMb.ST,20090701,07:17:06.184007,2,Trade,,386.5,45.0,UBS ,,,,HQB ,,,,15b cYd e f6 g1[ALIAS]; 99[IRGCOND];   [PRC_QL2],07:17:06.000
827,HMb.ST,20090701,07:17:06.227686,2,Quote,,,,,,10564.0,,,,,,,
828,HMb.ST,20090701,07:17:06.979424,2,Quote,,,,,,,,,,2458.0,,,
829,HMb.ST,20090701,07:17:06.979424,2,Trade,,387.0,645.0,NIP ,,,,EPB ,,,,15b cYd e f6 g1[ALIAS]; 99[IRGCOND];   [PRC_QL2],07:17:06.000
830,HMb.ST,20090701,07:17:07.108426,2,Quote,,,,,,9352.0,,,,,,,
831,HMb.ST,20090701,07:17:11.738313,2,Quote,,,,,,,,,,3458.0,,,
832,HMb.ST,20090701,07:17:25.925879,2,Quote,,,,,,8381.0,,,,,,,
833,HMb.ST,20090701,07:17:25.925879,2,Trade,,386.5,971.0,UBS ,,,,SGP ,,,,15b cYd e f6 g1[ALIAS]; 99[IRGCOND];   [PRC_QL2],07:17:25.000
834,HMb.ST,20090701,07:17:26.034087,2,Quote,,,,,,9427.0,,,,,,,
835,HMb.ST,20090701,07:17:30.341946,2,Quote,,,,,,,,,,3058.0,,,
836,HMb.ST,20090701,07:18:10.759638,2,Quote,,,,,,9327.0,,,,,,,
837,HMb.ST,20090701,07:18:10.759638,2,Trade,,386.5,100.0,UBS ,,,,AIV ,,,,15b cYd e f6 g1[ALIAS]; 99[IRGCOND];   [PRC_QL2],07:18:10.000
838,HMb.ST,20090701,07:18:13.262742,2,Quote,,,,,,,,,,2833.0,,,
839,HMb.ST,20090701,07:18:28.206666,2,Quote,,,,,,,,,,2833.0,,,
840,HMb.ST,20090701,07:18:28.206666,2,Trade,,387.0,2002.0,ENS ,,,,ENS ,,,,15b cYd e f6 g1[ALIAS]; 99[IRGCOND];   [PRC_QL2],07:18:28.000
841,HMb.ST,20090701,07:18:29.417497,2,Quote,,,,,,,,,,2665.0,,,
842,HMb.ST,20090701,07:18:29.417497,2,Quote,,,,,,,,,,2615.0,,,
843,HMb.ST,20090701,07:18:29.417497,2,Quote,,,,,,,,,,2087.0,,,
844,HMb.ST,20090701,07:18:29.417497,2,Trade,,387.0,168.0,NIP ,,,,EPB ,,,,15b cYd e f6 g1[ALIAS]; 99[IRGCOND];   [PRC_QL2],07:18:29.000
845,HMb.ST,20090701,07:18:29.417497,2,Trade,,387.0,50.0,NIP ,,,,NON ,,,,15b cYd e f6 g1[ALIAS]; 99[IRGCOND];   [PRC_QL2],07:18:29.000
846,HMb.ST,20090701,07:18:29.439569,2,Trade,,387.0,528.0,NIP ,,,,NEO ,,,,15b cYd e f6 g1[ALIAS]; 99[IRGCOND];   [PRC_QL2],07:18:29.000
847,HMb.ST,20090701,07:18:29.664718,2,Quote,,,,,,,,,,1948.0,,,
848,HMb.ST,20090701,07:18:31.974207,2,Quote,,,,,,8977.0,,,,,,,
849,HMb.ST,20090701,07:18:31.974207,2,Trade,,386.5,350.0,UBS ,,,,SWB ,,,,15b cYd e f6 g1[ALIAS]; 99[IRGCOND];   [PRC_QL2],07:18:31.000
850,HMb.ST,20090701,07:18:32.318193,2,Quote,,,,,,,,,,2340.0,,,
851,HMb.ST,20090701,07:18:32.411765,2,Quote,,,,,,8577.0,,,,,,,
852,HMb.ST,20090701,07:18:43.910127,2,Quote,,,,,,,,,,3800.0,,,
853,HMb.ST,20090701,07:18:57.888427,2,Quote,,,,,,7469.0,,,,,,,
854,HMb.ST,20090701,07:18:57.888427,2,Quote,,,,,,6825.0,,,,,,,
855,HMb.ST,20090701,07:18:57.888427,2,Trade,,386.5,1108.0,UBS ,,,,EPB ,,,,15b cYd e f6 g1[ALIAS]; 99[IRGCOND];   [PRC_QL2],07:18:57.000
856,HMb.ST,20090701,07:18:57.888427,2,Trade,,386.5,644.0,NIP ,,,,EPB ,,,,15b cYd e f6 g1[ALIAS]; 99[IRGCOND];   [PRC_QL2],07:18:57.000
857,HMb.ST,20090701,07:18:58.000410,2,Quote,,,,,,8232.0,,,,,,,
858,HMb.ST,20090701,07:19:04.067657,2,Quote,,,,,,8114.0,,,,,,,
859,HMb.ST,20090701,07:19:04.067657,2,Quote,,,,,,8014.0,,,,,,,
860,HMb.ST,20090701,07:19:04.067657,2,Quote,,,,,,6772.0,,,,,,,
861,HMb.ST,20090701,07:19:04.067657,2,Quote,,,,,,,,,,2340.0,,,
862,HMb.ST,20090701,07:19:04.067657,2,Trade,,386.5,118.0,NIP ,,,,EPB ,,,,15b cYd e f6 g1[ALIAS]; 99[IRGCOND];   [PRC_QL2],07:19:03.000
863,HMb.ST,20090701,07:19:04.067657,2,Trade,,386.5,100.0,AVA ,,,,EPB ,,,,15b cYd e f6 g1[ALIAS]; 99[IRGCOND];   [PRC_QL2],07:19:03.000
864,HMb.ST,20090701,07:19:04.067657,2,Trade,,386.5,1242.0,NDS ,,,,EPB ,,,,15b cYd e f6 g1[ALIAS]; 99[IRGCOND];   [PRC_QL2],07:19:03.000
865,HMb.ST,20090701,07:19:04.162011,2,Quote,,,,,,7677.0,,,,,,,
866,HMb.ST,20090701,07:19:04.347067,2,Quote,,,,,,6270.0,,,,,,,
867,HMb.ST,20090701,07:19:04.390688,2,Quote,,,,,,7208.0,,,,,,,
868,HMb.ST,20090701,07:19:04.540392,2,Quote,,,,,,6272.0,,,,,,,
869,HMb.ST,20090701,07:19:04.602300,2,Quote,,,,,,5226.0,,,,,,,
870,HMb.ST,20090701,07:19:04.602300,2,Quote,,,,,,4012.0,,,,,,,
871,HMb.ST,20090701,07:19:04.602300,2,Quote,,,,,,3074.0,,,,,,,
872,HMb.ST,20090701,07:19:04.602300,2,Quote,,,,,,1874.0,,,,,,,
873,HMb.ST,20090701,07:19:04.602300,2,Quote,,,,,,969.0,,,,,,,
874,HMb.ST,20090701,07:19:08.834657,2,Quote,,,,,,,,,,2740.0,,,
875,HMb.ST,20090701,07:19:18.622660,2,Quote,,,,,,1469.0,,,,,,,
876,HMb.ST,20090701,07:19:20.239917,2,Quote,,,,,,,,,,2790.0,,,
877,HMb.ST,20090701,07:19:24.331559,2,Quote,,,,,,,,,,2621.0,,,
878,HMb.ST,20090701,07:19:25.336661,2,Quote,,,,,,1534.0,,,,,,,
879,HMb.ST,20090701,07:19:40.319648,2,Quote,,,,,,,,,,2770.0,,,
880,HMb.ST,20090701,07:19:45.271451,2,Quote,,,,,,,,,,2701.0,,,
881,HMb.ST,20090701,07:20:00.027459,2,Quote,,,,,,,,,,4161.0,,,
882,HMb.ST,20090701,07:20:13.019186,2,Quote,,,,,,4396.0,,,,,,,
883,HMb.ST,20090701,07:20:13.306497,2,Quote,,,,,,,,,,5065.0,,,
884,HMb.ST,20090701,07:20:13.351550,2,Quote,,,,,,,,,,4161.0,,,
885,HMb.ST,20090701,07:20:13.351550,2,Quote,,,,,,5796.0,,,,,,,
886,HMb.ST,20090701,07:20:13.455928,2,Quote,,,,,,4396.0,,,,,,,
887,HMb.ST,20090701,07:20:13.455928,2,Quote,,,,,,,,,,5065.0,,,
888,HMb.ST,20090701,07:20:13.455928,2,Quote,,,,,,,,,,4161.0,,,
889,HMb.ST,20090701,07:20:13.455928,2,Quote,,,,,,,,,,4361.0,,,
890,HMb.ST,20090701,07:20:20.443602,2,Quote,,,,,,4946.0,,,,,,,
891,HMb.ST,20090701,07:20:35.475640,2,Quote,,,,,,4396.0,,,,,,,
892,HMb.ST,20090701,07:21:13.065274,2,Quote,,,,,,1535.0,,,,,,,
893,HMb.ST,20090701,07:21:13.755630,2,Quote,,,,,,,,,,3961.0,,,
894,HMb.ST,20090701,07:21:15.054867,2,Quote,,,,,,2835.0,,,,,,,
895,HMb.ST,20090701,07:21:16.786841,2,Quote,,,,,,,,,,4361.0,,,
896,HMb.ST,20090701,07:21:20.610747,2,Quote,,,,,,2885.0,,,,,,,
897,HMb.ST,20090701,07:21:25.240441,2,Quote,,,,,,3885.0,,,,,,,
898,HMb.ST,20090701,07:21:39.972130,2,Quote,,,,,,5053.0,,,,,,,
899,HMb.ST,20090701,07:21:51.851821,2,Quote,,,,,,,,,,4212.0,,,
900,HMb.ST,20090701,07:21:51.851821,2,Quote,,,,,,,,,,4103.0,,,
901,HMb.ST,20090701,07:21:51.851821,2,Trade,,387.0,149.0,SGP ,,,,SGP ,,,,15b cYd e f6 g1[ALIAS]; 99[IRGCOND];   [PRC_QL2],07:21:51.000
902,HMb.ST,20090701,07:21:51.894620,2,Trade,,387.0,109.0,SGP ,,,,NEO ,,,,15b cYd e f6 g1[ALIAS]; 99[IRGCOND];   [PRC_QL2],07:21:51.000
903,HMb.ST,20090701,07:21:51.928310,2,Quote,,,,,,,,,,3903.0,,,
904,HMb.ST,20090701,07:21:51.951949,2,Quote,,,,,,,,,,3540.0,,,
905,HMb.ST,20090701,07:21:51.951949,2,Quote,,,,,,,,,,4540.0,,,
906,HMb.ST,20090701,07:21:51.951949,2,Quote,,,,,,,,,,4402.0,,,
907,HMb.ST,20090701,07:21:51.976945,2,Quote,,,,,,,,,,4242.0,,,
908,HMb.ST,20090701,07:21:51.976945,2,Trade,,387.0,363.0,SGP ,,,,NEO ,,,,15b cYd e f6 g1[ALIAS]; 99[IRGCOND];   [PRC_QL2],07:21:51.000
909,HMb.ST,20090701,07:21:51.976945,2,Trade,,387.0,138.0,SGP ,,,,JPM ,,,,15b cYd e f6 g1[ALIAS]; 99[IRGCOND];   [PRC_QL2],07:21:51.000
910,HMb.ST,20090701,07:21:51.976945,2,Trade,,387.0,160.0,SGP ,,,,ENS ,,,,15b cYd e f6 g1[ALIAS]; 99[IRGCOND];   [PRC_QL2],07:21:51.000
911,HMb.ST,20090701,07:21:52.678863,2,Quote,,,,,,,,,,3842.0,,,
912,HMb.ST,20090701,07:21:55.069371,2,Quote,,,,,,,,,,3002.0,,,
913,HMb.ST,20090701,07:21:55.069371,2,Quote,,,,,,,,,,4002.0,,,
914,HMb.ST,20090701,07:21:55.069371,2,Quote,,,,,,,,,,3674.0,,,
915,HMb.ST,20090701,07:21:55.069371,2,Quote,,,,,,3885.0,,,,,,,
916,HMb.ST,20090701,07:21:55.069371,2,Trade,,387.0,840.0,HQD ,,,,ENS ,,,,15b cYd e f6 g1[ALIAS]; 99[IRGCOND];   [PRC_QL2],07:21:54.000
917,HMb.ST,20090701,07:21:55.069371,2,Trade,,387.0,328.0,HQD ,,,,SAB ,,,,15b cYd e f6 g1[ALIAS]; 99[IRGCOND];   [PRC_QL2],07:21:54.000
918,HMb.ST,20090701,07:21:59.621874,2,Quote,,,,,,,,,,2214.0,,,
919,HMb.ST,20090701,07:22:06.236508,2,Quote,,,,,,,,,,2064.0,,,
920,HMb.ST,20090701,07:22:06.236508,2,Quote,,,,,,,,,,2000.0,,,
921,HMb.ST,20090701,07:22:06.236508,2,Quote,,,,,,,,,,1214.0,,,
922,HMb.ST,20090701,07:22:06.236508,2,Trade,,387.0,150.0,AVA ,,,,AVA ,,,,15b cYd e f6 g1[ALIAS]; 99[IRGCOND];   [PRC_QL2],07:22:06.000
923,HMb.ST,20090701,07:22:06.236508,2,Trade,,387.0,64.0,AVA ,,,,SAB ,,,,15b cYd e f6 g1[ALIAS]; 99[IRGCOND];   [PRC_QL2],07:22:06.000
924,HMb.ST,20090701,07:22:06.236508,2,Trade,,387.0,786.0,AVA ,,,,NEO ,,,,15b cYd e f6 g1[ALIAS]; 99[IRGCOND];   [PRC_QL2],07:22:06.000
925,HMb.ST,20090701,07:22:06.957124,2,Quote,,,,,,,,,,1000.0,,,
926,HMb.ST,20090701,07:22:06.957124,2,Quote,,,,,,,,,,2000.0,,,
927,HMb.ST,20090701,07:22:06.957124,2,Quote,,,,,,,,,,1757.0,,,
928,HMb.ST,20090701,07:22:06.957124,2,Trade,,387.0,214.0,NIP ,,,,NEO ,,,,15b cYd e f6 g1[ALIAS]; 99[IRGCOND];   [PRC_QL2],07:22:06.000
929,HMb.ST,20090701,07:22:06.957124,2,Trade,,387.0,243.0,NIP ,,,,ENS ,,,,15b cYd e f6 g1[ALIAS]; 99[IRGCOND];   [PRC_QL2],07:22:06.000
930,HMb.ST,20090701,07:22:10.126700,2,Quote,,,,,,,,,,1457.0,,,
931,HMb.ST,20090701,07:22:10.126700,2,Trade,,387.0,300.0,HQD ,,,,ENS ,,,,15b cYd e f6 g1[ALIAS]; 99[IRGCOND];   [PRC_QL2],07:22:10.000
932,HMb.ST,20090701,07:22:13.735977,2,Quote,,,,,,,,,,1457.0,,,
933,HMb.ST,20090701,07:22:13.735977,2,Trade,,387.0,1211.0,ENS ,,,,ENS ,,,,15b cYd e f6 g1[ALIAS]; 99[IRGCOND];   [PRC_QL2],07:22:13.000
934,HMb.ST,20090701,07:22:14.187194,2,Quote,,,,,,,,,,2220.0,,,
935,HMb.ST,20090701,07:22:26.411968,2,Quote,,,,,,3985.0,,,,,,,
936,HMb.ST,20090701,07:22:27.163598,2,Quote,,,,,,,,,,1763.0,,,
937,HMb.ST,20090701,07:22:34.122525,2,Quote,,,,,,3986.0,,,,,,,
938,HMb.ST,20090701,07:23:00.936989,2,Quote,,,,,,,,,,1753.0,,,
939,HMb.ST,20090701,07:23:00.977374,2,Trade,,387.0,10.0,AVA ,,,,NEO ,,,,15b cYd e f6 g1[ALIAS]; 99[IRGCOND];   [PRC_QL2],07:23:00.000
940,HMb.ST,20090701,07:23:05.289030,2,Quote,,,,,,,,,,763.0,,,
941,HMb.ST,20090701,07:23:05.289030,2,Quote,,,,,,,,,,1763.0,,,
942,HMb.ST,20090701,07:23:05.289030,2,Quote,,,,,,,,,,1452.0,,,
943,HMb.ST,20090701,07:23:05.289030,2,Trade,,387.0,990.0,MLI ,,,,NEO ,,,,15b cYd e f6 g1[ALIAS]; 99[IRGCOND];   [PRC_QL2],07:23:05.000
944,HMb.ST,20090701,07:23:05.289030,2,Trade,,387.0,311.0,MLI ,,,,SAB ,,,,15b cYd e f6 g1[ALIAS]; 99[IRGCOND];   [PRC_QL2],07:23:05.000
945,HMb.ST,20090701,07:23:05.925351,2,Quote,,,,,,,,,,1000.0,,,
946,HMb.ST,20090701,07:23:05.925351,2,Quote,,,,,,,,,,768.0,,,
947,HMb.ST,20090701,07:23:05.926561,2,Trade,,387.0,452.0,NIP ,,,,SAB ,,,,15b cYd e f6 g1[ALIAS]; 99[IRGCOND];   [PRC_QL2],07:23:05.000
948,HMb.ST,20090701,07:23:05.926561,2,Trade,,387.0,232.0,NIP ,,,,NEO ,,,,15b cYd e f6 g1[ALIAS]; 99[IRGCOND];   [PRC_QL2],07:23:05.000
949,HMb.ST,20090701,07:23:05.996554,2,Quote,,,,,,4386.0,,,,,,,
950,HMb.ST,20090701,07:23:06.998096,2,Quote,,,,,,,,,,778.0,,,
951,HMb.ST,20090701,07:23:06.998096,2,Trade,,387.0,768.0,SGP ,,,,NEO ,,,,15b cYd e f6 g1[ALIAS]; 99[IRGCOND];   [PRC_QL2],07:23:06.000
952,HMb.ST,20090701,07:23:07.005630,2,Quote,,,,,,,,,387.5,3550.0,,,
953,HMb.ST,20090701,07:23:07.005630,2,Trade,,387.0,778.0,CAR ,,,,NEO ,,,,15b cYd e f6 g1[ALIAS]; 99[IRGCOND];   [PRC_QL2],07:23:06.000
954,HMb.ST,20090701,07:23:07.005630,2,Quote,,,,,,,,,,3950.0,,,
955,HMb.ST,20090701,07:23:07.173958,2,Quote,,,,,,,,,,3400.0,,,
956,HMb.ST,20090701,07:23:07.320707,2,Quote,,,,,,,,,387.0,136.0,,,
957,HMb.ST,20090701,07:23:10.672477,2,Quote,,,,,,,,,,36.0,,,
958,HMb.ST,20090701,07:23:10.672477,2,Trade,,387.0,100.0,BPP ,,,,SAB ,,,,15b cYd e f6 g1[ALIAS]; 99[IRGCOND];   [PRC_QL2],07:23:10.000
959,HMb.ST,20090701,07:23:12.613791,2,Quote,,,,,,4385.0,,,,,,,
960,HMb.ST,20090701,07:23:12.711880,2,Quote,,,,,,,,,,26.0,,,
961,HMb.ST,20090701,07:23:12.711880,2,Trade,,387.0,10.0,AVA ,,,,SAB ,,,,15b cYd e f6 g1[ALIAS]; 99[IRGCOND];   [PRC_QL2],07:23:12.000
962,HMb.ST,20090701,07:23:19.665970,2,Quote,,,,,,4320.0,,,,,,,
963,HMb.ST,20090701,07:23:19.944825,2,Quote,,,,,,,,,387.5,6692.0,,,
964,HMb.ST,20090701,07:23:19.944825,2,Trade,,387.0,26.0,CSB ,,,,SAB ,,,,15b cYd e f6 g1[ALIAS]; 99[IRGCOND];   [PRC_QL2],07:23:19.000
965,HMb.ST,20090701,07:23:19.988297,2,Quote,,,,,,,,,,6717.0,,,
966,HMb.ST,20090701,07:23:19.988297,2,Quote,,,,,,,,,,6692.0,,,
967,HMb.ST,20090701,07:23:20.116913,2,Quote,,,,,,4384.0,,,,,,,
968,HMb.ST,20090701,07:23:20.116913,2,Quote,,,,,,,,,,6892.0,,,
969,HMb.ST,20090701,07:23:20.116913,2,Quote,,,,,,3984.0,,,,,,,
970,HMb.ST,20090701,07:23:20.116913,2,Quote,,,,,,,,,,6692.0,,,
971,HMb.ST,20090701,07:23:20.371664,2,Quote,,,,,,,,,,6542.0,,,
972,HMb.ST,20090701,07:23:23.268993,2,Quote,,,,,,4384.0,,,,,,,
973,HMb.ST,20090701,07:23:24.176604,2,Quote,,,,,,,,,,3400.0,,,
974,HMb.ST,20090701,07:23:27.458875,2,Quote,,,,,387.0,10.0,,,,,,,
975,HMb.ST,20090701,07:23:27.829252,2,Quote,,,,,,,,,,3600.0,,,
976,HMb.ST,20090701,07:23:28.173732,2,Quote,,,,,,221.0,,,,,,,
977,HMb.ST,20090701,07:23:28.297228,2,Quote,,,,,,,,,,3400.0,,,
978,HMb.ST,20090701,07:23:28.472511,2,Quote,,,,,,1252.0,,,,,,,
979,HMb.ST,20090701,07:23:30.320078,2,Quote,,,,,,,,,,3061.0,,,
980,HMb.ST,20090701,07:23:30.380922,2,Trade,,387.5,339.0,NIP ,,,,AVA ,,,,15b cYd e f6 g1[ALIAS]; 99[IRGCOND];   [PRC_QL2],07:23:30.000
981,HMb.ST,20090701,07:23:30.567365,2,Quote,,,,,,,,,,2400.0,,,
982,HMb.ST,20090701,07:23:30.567365,2,Quote,,,,,,,,,,1400.0,,,
983,HMb.ST,20090701,07:23:30.567365,2,Quote,,,,,,,,,,1287.0,,,
984,HMb.ST,20090701,07:23:30.567365,2,Trade,,387.5,661.0,CSB ,,,,AVA ,,,,15b cYd e f6 g1[ALIAS]; 99[IRGCOND];   [PRC_QL2],07:23:30.000
985,HMb.ST,20090701,07:23:30.567365,2,Trade,,387.5,1000.0,CSB ,,,,AVA ,,,,15b cYd e f6 g1[ALIAS]; 99[IRGCOND];   [PRC_QL2],07:23:30.000
986,HMb.ST,20090701,07:23:30.593486,2,Trade,,387.5,113.0,CSB ,,,,ENS ,,,,15b cYd e f6 g1[ALIAS]; 99[IRGCOND];   [PRC_QL2],07:23:30.000
987,HMb.ST,20090701,07:23:30.760834,2,Quote,,,,,,,,,,1409.0,,,
988,HMb.ST,20090701,07:23:30.874854,2,Quote,,,,,,,,,,522.0,,,
989,HMb.ST,20090701,07:23:30.874854,2,Quote,,,,,,,,,,1522.0,,,
990,HMb.ST,20090701,07:23:30.874854,2,Quote,,,,,,,,,,1122.0,,,
991,HMb.ST,20090701,07:23:30.874854,2,Quote,,,,,,,,,,1000.0,,,
992,HMb.ST,20090701,07:23:30.874854,2,Trade,,387.5,887.0,CSB ,,,,ENS ,,,,15b cYd e f6 g1[ALIAS]; 99[IRGCOND];   [PRC_QL2],07:23:30.000
993,HMb.ST,20090701,07:23:30.874854,2,Trade,,387.5,400.0,CSB ,,,,TMB ,,,,15b cYd e f6 g1[ALIAS]; 99[IRGCOND];   [PRC_QL2],07:23:30.000
994,HMb.ST,20090701,07:23:30.874854,2,Trade,,387.5,122.0,CSB ,,,,SAB ,,,,15b cYd e f6 g1[ALIAS]; 99[IRGCOND];   [PRC_QL2],07:23:30.000
995,HMb.ST,20090701,07:23:30.986166,2,Quote,,,,,,,,,,674.0,,,
996,HMb.ST,20090701,07:23:30.986166,2,Trade,,387.5,326.0,CSB ,,,,ENS ,,,,15b cYd e f6 g1[ALIAS]; 99[IRGCOND];   [PRC_QL2],07:23:30.000
997,HMb.ST,20090701,07:23:31.018711,2,Quote,,,,,,,,,388.0,7218.0,,,
998,HMb.ST,20090701,07:23:31.018711,2,Quote,,,,,,,,,387.5,1000.0,,,
999,HMb.ST,20090701,07:23:31.018711,2,Trade,,387.5,674.0,CSB ,,,,ENS ,,,,15b cYd e f6 g1[ALIAS]; 99[IRGCOND];   [PRC_QL2],07:23:30.000
1000,HMb.ST,20090701,07:23:31.146050,2,Quote,,,,,,,,,,803.0,,,
1001,HMb.ST,20090701,07:23:31.146050,2,Trade,,387.5,223.0,CSB ,,,,ENS ,,,,15b cYd e f6 g1[ALIAS]; 99[IRGCOND];   [PRC_QL2],07:23:31.000
1002,HMb.ST,20090701,07:23:33.036448,2,Quote,,,,,,,,,388.0,6618.0,,,
1003,HMb.ST,20090701,07:23:33.036448,2,Trade,,387.5,803.0,NIP ,,,,ENS ,,,,15b cYd e f6 g1[ALIAS]; 99[IRGCOND];   [PRC_QL2],07:23:32.000
1004,HMb.ST,20090701,07:23:33.036448,2,Quote,,,,,,,,,,7018.0,,,
1005,HMb.ST,20090701,07:23:33.141512,2,Quote,,,,,,,,,,6318.0,,,
1006,HMb.ST,20090701,07:23:34.202976,2,Quote,,,,,,,,,,3268.0,,,
1007,HMb.ST,20090701,07:23:34.376929,2,Quote,,,,,,,,,,3873.0,,,
1008,HMb.ST,20090701,07:23:35.774397,2,Quote,,,,,,2252.0,,,,,,,
1009,HMb.ST,20090701,07:23:40.643521,2,Quote,,,,,,,,,387.5,20.0,,,
1010,HMb.ST,20090701,07:23:46.732022,2,Quote,,,,,,2242.0,,,,,,,
1011,HMb.ST,20090701,07:24:20.610748,2,Quote,,,,,,2892.0,,,,,,,
1012,HMb.ST,20090701,07:24:27.127528,2,Quote,,,,,,,,,388.0,6162.0,,,
1013,HMb.ST,20090701,07:24:27.127528,2,Quote,,,,,387.5,159.0,,,,,,,
1014,HMb.ST,20090701,07:24:27.127528,2,Trade,,387.5,20.0,MLI ,,,,AVA ,,,,15b cYd e f6 g1[ALIAS]; 99[IRGCOND];   [PRC_QL2],07:24:27.000
1015,HMb.ST,20090701,07:24:27.138132,2,Quote,,,,,387.0,2892.0,,,,,,,
1016,HMb.ST,20090701,07:24:27.138132,2,Trade,,387.5,159.0,MLI ,,,,CSB ,,,,15b cYd e f6 g1[ALIAS]; 99[IRGCOND];   [PRC_QL2],07:24:27.000
1017,HMb.ST,20090701,07:24:27.138132,2,Quote,,,,,,,,,,6182.0,,,
1018,HMb.ST,20090701,07:24:27.301266,2,Quote,,,,,,3796.0,,,,,,,
1019,HMb.ST,20090701,07:24:29.159048,2,Quote,,,,,,,,,,3288.0,,,
1020,HMb.ST,20090701,07:24:31.214283,2,Quote,,,,,387.5,1000.0,,,,,,,
1021,HMb.ST,20090701,07:24:31.295757,2,Quote,,,,,,2400.0,,,,,,,
1022,HMb.ST,20090701,07:24:31.298151,2,Quote,,,,,,,,,,2888.0,,,
1023,HMb.ST,20090701,07:24:31.784324,2,Quote,,,,,,2611.0,,,,,,,
1024,HMb.ST,20090701,07:24:31.970397,2,Quote,,,,,,2888.0,,,,,,,
1025,HMb.ST,20090701,07:24:38.613540,2,Quote,,,,,,2894.0,,,,,,,
1026,HMb.ST,20090701,07:24:49.630589,2,Quote,,,,,,2594.0,,,,,,,
1027,HMb.ST,20090701,07:24:49.630589,2,Trade,,387.5,300.0,AVA ,,,,NON ,,,,15b cYd e f6 g1[ALIAS]; 99[IRGCOND];   [PRC_QL2],07:24:49.000
1028,HMb.ST,20090701,07:25:08.181114,2,Quote,,,,,,,,,,4348.0,,,
1029,HMb.ST,20090701,07:25:10.299985,2,Quote,,,,,,2826.0,,,,,,,
1030,HMb.ST,20090701,07:25:25.324786,2,Quote,,,,,,2594.0,,,,,,,
1031,HMb.ST,20090701,07:25:27.827689,2,Quote,,,,,,2734.0,,,,,,,
1032,HMb.ST,20090701,07:25:31.971022,2,Quote,,,,,,,,,,4748.0,,,
1033,HMb.ST,20090701,07:25:43.458867,2,Quote,,,,,,2966.0,,,,,,,
1034,HMb.ST,20090701,07:27:10.291363,2,Quote,,,,,,2266.0,,,,,,,
1035,HMb.ST,20090701,07:27:10.291363,2,Quote,,,,,,966.0,,,,,,,
1036,HMb.ST,20090701,07:27:10.291363,2,Trade,,387.5,700.0,AVA ,,,,SWB ,,,,15b cYd e f6 g1[ALIAS]; 99[IRGCOND];   [PRC_QL2],07:27:10.000
1037,HMb.ST,20090701,07:27:10.291363,2,Trade,,387.5,1300.0,MLI ,,,,SWB ,,,,15b cYd e f6 g1[ALIAS]; 99[IRGCOND];   [PRC_QL2],07:27:10.000
1038,HMb.ST,20090701,07:27:10.599685,2,Quote,,,,,,,,,,4878.0,,,
1039,HMb.ST,20090701,07:27:10.690036,2,Quote,,,,,,734.0,,,,,,,
1040,HMb.ST,20090701,07:27:10.753883,2,Quote,,,,,,,,,,4828.0,,,
1041,HMb.ST,20090701,07:27:10.753883,2,Quote,,,,,,,,,,4363.0,,,
1042,HMb.ST,20090701,07:27:10.753883,2,Trade,,388.0,50.0,NIP ,,,,NON ,,,,15b cYd e f6 g1[ALIAS]; 99[IRGCOND];   [PRC_QL2],07:27:10.000
1043,HMb.ST,20090701,07:27:10.753883,2,Trade,,388.0,465.0,NIP ,,,,SWB ,,,,15b cYd e f6 g1[ALIAS]; 99[IRGCOND];   [PRC_QL2],07:27:10.000
1044,HMb.ST,20090701,07:27:11.469007,2,Quote,,,,,,,,,,3387.0,,,
1045,HMb.ST,20090701,07:27:11.469007,2,Trade,,388.0,976.0,NIP ,,,,SWB ,,,,15b cYd e f6 g1[ALIAS]; 99[IRGCOND];   [PRC_QL2],07:27:11.000
1046,HMb.ST,20090701,07:27:12.763291,2,Quote,,,,,,634.0,,,,,,,
1047,HMb.ST,20090701,07:27:12.763291,2,Quote,,,,,,1444.0,,,,,,,
1048,HMb.ST,20090701,07:27:32.172331,2,Quote,,,,,,,,,,3331.0,,,
1049,HMb.ST,20090701,07:27:32.172331,2,Quote,,,,,,,,,,3208.0,,,
1050,HMb.ST,20090701,07:27:32.172331,2,Trade,,388.0,56.0,MLI ,,,,MLI ,,,,15b cYd e f6 g1[ALIAS]; 99[IRGCOND];   [PRC_QL2],07:27:32.000
1051,HMb.ST,20090701,07:27:32.172331,2,Trade,,388.0,123.0,MLI ,,,,MLI ,,,,15b cYd e f6 g1[ALIAS]; 99[IRGCOND];   [PRC_QL2],07:27:32.000
1052,HMb.ST,20090701,07:27:32.471919,2,Quote,,,,,,,,,,3078.0,,,
1053,HMb.ST,20090701,07:27:32.827521,2,Quote,,,,,,,,,,2678.0,,,
1054,HMb.ST,20090701,07:27:33.147971,2,Quote,,,,,,,,,,2808.0,,,
1055,HMb.ST,20090701,07:27:46.639933,2,Quote,,,,,,,,,,3408.0,,,
1056,HMb.ST,20090701,07:27:53.772638,2,Quote,,,,,,,,,,3278.0,,,
1057,HMb.ST,20090701,07:27:54.056815,2,Quote,,,,,,,,,,3408.0,,,
1058,HMb.ST,20090701,07:28:18.714836,2,Quote,,,,,,,,,,3278.0,,,
1059,HMb.ST,20090701,07:28:19.002962,2,Quote,,,,,,,,,,3408.0,,,
1060,HMb.ST,20090701,07:28:40.686907,2,Trade,,387.0,40.0,UNK   ,,,,UNK   ,,,,OSbIcNd e f6 g1[ALIAS]; 37[IRGCOND];   [PRC_QL2],07:28:40.000
1061,HMb.ST,20090701,07:28:40.894369,2,Quote,,,,,,,,,,3058.0,,,
1062,HMb.ST,20090701,07:28:40.894369,2,Trade,,388.0,350.0,BPP ,,,,SWB ,,,,15b cYd e f6 g1[ALIAS]; 99[IRGCOND];   [PRC_QL2],07:28:40.000
1063,HMb.ST,20090701,07:28:41.150533,2,Quote,,,,,,,,,,2928.0,,,
1064,HMb.ST,20090701,07:28:43.792799,2,Quote,,,,,,,,,,3058.0,,,
1065,HMb.ST,20090701,07:28:58.067978,2,Quote,,,,,,,,,,3038.0,,,
1066,HMb.ST,20090701,07:29:00.753359,2,Quote,,,,,,1233.0,,,,,,,
1067,HMb.ST,20090701,07:29:00.753359,2,Quote,,,,,,956.0,,,,,,,
1068,HMb.ST,20090701,07:29:00.753359,2,Quote,,,,,,950.0,,,,,,,
1069,HMb.ST,20090701,07:29:00.753359,2,Quote,,,,,,810.0,,,,,,,
1070,HMb.ST,20090701,07:29:00.753359,2,Quote,,,,,387.0,6003.0,,,,,,,
1071,HMb.ST,20090701,07:29:00.753359,2,Quote,,,,,,,,,387.5,2056.0,,,
1072,HMb.ST,20090701,07:29:00.753359,2,Trade,,387.5,211.0,CSB ,,,,DDB ,,,,15b cYd e f6 g1[ALIAS]; 99[IRGCOND];   [PRC_QL2],07:29:00.000
1073,HMb.ST,20090701,07:29:00.753359,2,Trade,,387.5,277.0,NIP ,,,,DDB ,,,,15b cYd e f6 g1[ALIAS]; 99[IRGCOND];   [PRC_QL2],07:29:00.000
1074,HMb.ST,20090701,07:29:00.753359,2,Trade,,387.5,6.0,SGP ,,,,DDB ,,,,15b cYd e f6 g1[ALIAS]; 99[IRGCOND];   [PRC_QL2],07:29:00.000
1075,HMb.ST,20090701,07:29:00.753359,2,Trade,,387.5,140.0,BPP ,,,,DDB ,,,,15b cYd e f6 g1[ALIAS]; 99[IRGCOND];   [PRC_QL2],07:29:00.000
1076,HMb.ST,20090701,07:29:00.755672,2,Trade,,387.5,810.0,MLI ,,,,DDB ,,,,15b cYd e f6 g1[ALIAS]; 99[IRGCOND];   [PRC_QL2],07:29:00.000
1077,HMb.ST,20090701,07:29:00.771288,2,Quote,,,,,,6403.0,,,,,,,
1078,HMb.ST,20090701,07:29:00.808965,2,Quote,,,,,,6780.0,,,,,,,
1079,HMb.ST,20090701,07:29:00.916896,2,Quote,,,,,,7760.0,,,,,,,
1080,HMb.ST,20090701,07:29:01.034273,2,Quote,,,,,,,,,,1790.0,,,
1081,HMb.ST,20090701,07:29:01.153721,2,Trade,,387.5,266.0,NIP ,,,,DDB ,,,,15b cYd e f6 g1[ALIAS]; 99[IRGCOND];   [PRC_QL2],07:29:00.000
1082,HMb.ST,20090701,07:29:01.153721,2,Quote,,,,,,6510.0,,,,,,,
1083,HMb.ST,20090701,07:29:01.389456,2,Quote,,,,,,7410.0,,,,,,,
1084,HMb.ST,20090701,07:29:04.186012,2,Quote,,,,,,4520.0,,,,,,,
1085,HMb.ST,20090701,07:29:04.229226,2,Quote,,,,,,4143.0,,,,,,,
1086,HMb.ST,20090701,07:29:04.229226,2,Quote,,,,,,5047.0,,,,,,,
1087,HMb.ST,20090701,07:29:04.229226,2,Quote,,,,,,5046.0,,,,,,,
1088,HMb.ST,20090701,07:29:04.800830,2,Quote,,,,,,,,,,2390.0,,,
1089,HMb.ST,20090701,07:29:05.159003,2,Quote,,,,,,,,,,2520.0,,,
1090,HMb.ST,20090701,07:29:10.701654,2,Trade,,387.0,40.0,UNK   ,,,,UNK   ,,,,OSbIcNd e f6 g1[ALIAS]; 37[IRGCOND];   [PRC_QL2],07:29:10.000
1091,HMb.ST,20090701,07:29:17.909835,2,Quote,,,,,,4146.0,,,,,,,
1092,HMb.ST,20090701,07:29:17.950465,2,Quote,,,,,,3620.0,,,,,,,
1093,HMb.ST,20090701,07:29:28.697218,2,Quote,,,,,,,,,,2390.0,,,
1094,HMb.ST,20090701,07:29:29.046214,2,Quote,,,,,,,,,,2520.0,,,
1095,HMb.ST,20090701,07:29:30.840144,2,Quote,,,,,,,,,,1520.0,,,
1096,HMb.ST,20090701,07:29:30.861616,2,Trade,,387.5,1000.0,BPP ,,,,DDB ,,,,15b cYd e f6 g1[ALIAS]; 99[IRGCOND];   [PRC_QL2],07:29:30.000
1097,HMb.ST,20090701,07:29:33.172165,2,Quote,,,,,,4492.0,,,,,,,
1098,HMb.ST,20090701,07:29:39.019315,2,Quote,,,,,,3620.0,,,,,,,
1099,HMb.ST,20090701,07:29:43.252923,2,Quote,,,,,,4435.0,,,,,,,
1100,HMb.ST,20090701,07:29:43.454254,2,Quote,,,,,,,,,,2980.0,,,
1101,HMb.ST,20090701,07:29:43.503837,2,Quote,,,,,,4058.0,,,,,,,
1102,HMb.ST,20090701,07:29:43.525759,2,Quote,,,,,,5962.0,,,,,,,
1103,HMb.ST,20090701,07:29:43.525759,2,Quote,,,,,,5058.0,,,,,,,
1104,HMb.ST,20090701,07:29:43.525759,2,Quote,,,,,,4435.0,,,,,,,
1105,HMb.ST,20090701,07:29:49.218941,2,Quote,,,,,,,,,,1520.0,,,
1106,HMb.ST,20090701,07:29:49.272765,2,Quote,,,,,,,,,,1376.0,,,
1107,HMb.ST,20090701,07:29:49.337248,2,Trade,,387.5,144.0,SGP ,,,,DDB ,,,,15b cYd e f6 g1[ALIAS]; 99[IRGCOND];   [PRC_QL2],07:29:49.000
1108,HMb.ST,20090701,07:29:49.476785,2,Quote,,,,,,,,,,1246.0,,,
1109,HMb.ST,20090701,07:29:53.784307,2,Quote,,,,,,,,,,1407.0,,,
1110,HMb.ST,20090701,07:30:18.724474,2,Quote,,,,,,,,,,1246.0,,,
1111,HMb.ST,20090701,07:30:19.070874,2,Quote,,,,,,,,,,1407.0,,,
1112,HMb.ST,20090701,07:30:24.342606,2,Quote,,,,,,,,,,807.0,,,
1113,HMb.ST,20090701,07:30:24.342606,2,Quote,,,,,,3835.0,,,,,,,
1114,HMb.ST,20090701,07:30:39.948981,2,Quote,,,,,,3885.0,,,,,,,
1115,HMb.ST,20090701,07:30:40.389340,2,Quote,,,,,,,,,,646.0,,,
1116,HMb.ST,20090701,07:30:43.760118,2,Quote,,,,,,,,,,807.0,,,
1117,HMb.ST,20090701,07:30:51.410805,2,Quote,,,,,,4034.0,,,,,,,
1118,HMb.ST,20090701,07:31:08.743478,2,Quote,,,,,,,,,,646.0,,,
1119,HMb.ST,20090701,07:31:09.053499,2,Quote,,,,,,,,,,807.0,,,
1120,HMb.ST,20090701,07:31:29.262240,2,Quote,,,,,,,,,,707.0,,,
1121,HMb.ST,20090701,07:31:29.262240,2,Trade,,387.5,100.0,SWB ,,,,DDB ,,,,15b cYd e f6 g1[ALIAS]; 99[IRGCOND];   [PRC_QL2],07:31:29.000
1122,HMb.ST,20090701,07:31:29.553734,2,Quote,,,,,,,,,,546.0,,,
1123,HMb.ST,20090701,07:31:33.892781,2,Quote,,,,,,,,,,707.0,,,
1124,HMb.ST,20090701,07:31:55.948839,2,Quote,,,,,,3219.0,,,,,,,
1125,HMb.ST,20090701,07:31:56.285498,2,Quote,,,,,,,,,,546.0,,,
1126,HMb.ST,20090701,07:31:58.796818,2,Quote,,,,,,,,,,707.0,,,
1127,HMb.ST,20090701,07:32:01.192832,2,Quote,,,,,,3444.0,,,,,,,
1128,HMb.ST,20090701,07:32:01.474698,2,Quote,,,,,,4330.0,,,,,,,
1129,HMb.ST,20090701,07:32:02.911377,2,Quote,,,,,,3444.0,,,,,,,
1130,HMb.ST,20090701,07:32:09.507270,2,Quote,,,,,,4271.0,,,,,,,
1131,HMb.ST,20090701,07:32:12.905261,2,Quote,,,,,,,,,,2167.0,,,
1132,HMb.ST,20090701,07:32:23.711190,2,Quote,,,,,,,,,,2006.0,,,
1133,HMb.ST,20090701,07:32:24.107082,2,Quote,,,,,,,,,,2167.0,,,
1134,HMb.ST,20090701,07:32:24.548197,2,Quote,,,,,,3444.0,,,,,,,
1135,HMb.ST,20090701,07:32:48.693876,2,Quote,,,,,,,,,,2006.0,,,
1136,HMb.ST,20090701,07:32:49.015078,2,Quote,,,,,,,,,,2167.0,,,
1137,HMb.ST,20090701,07:33:10.704406,2,Quote,,,,,,3929.0,,,,,,,
1138,HMb.ST,20090701,07:33:10.907630,2,Quote,,,,,,,,,,2006.0,,,
1139,HMb.ST,20090701,07:33:12.744526,2,Quote,,,,,,4629.0,,,,,,,
1140,HMb.ST,20090701,07:33:13.128559,2,Quote,,,,,,,,,,2167.0,,,
1141,HMb.ST,20090701,07:33:20.401727,2,Quote,,,,,,4604.0,,,,,,,
1142,HMb.ST,20090701,07:33:20.401727,2,Trade,,387.0,25.0,NIP ,,,,AVA ,,,,15b cYd e f6 g1[ALIAS]; 99[IRGCOND];   [PRC_QL2],07:33:20.000
1143,HMb.ST,20090701,07:33:21.701566,2,Quote,,,,,,,,,,707.0,,,
1144,HMb.ST,20090701,07:33:29.067482,2,Quote,,,,,,4379.0,,,,,,,
1145,HMb.ST,20090701,07:33:33.711274,2,Quote,,,,,,5271.0,,,,,,,
1146,HMb.ST,20090701,07:33:33.711274,2,Quote,,,,,,,,,,546.0,,,
1147,HMb.ST,20090701,07:33:34.054836,2,Quote,,,,,,,,,,707.0,,,
1148,HMb.ST,20090701,07:33:34.130219,2,Quote,,,,,,4894.0,,,,,,,
1149,HMb.ST,20090701,07:33:34.269637,2,Quote,,,,,,5086.0,,,,,,,
1150,HMb.ST,20090701,07:33:38.205869,2,Quote,,,,,,,,,,161.0,,,
1151,HMb.ST,20090701,07:33:38.205869,2,Quote,,,,,,,,,,107.0,,,
1152,HMb.ST,20090701,07:33:38.205869,2,Trade,,387.5,546.0,AVA ,,,,DDB ,,,,15b cYd e f6 g1[ALIAS]; 99[IRGCOND];   [PRC_QL2],07:33:38.000
1153,HMb.ST,20090701,07:33:38.205869,2,Trade,,387.5,54.0,AVA ,,,,SAB ,,,,15b cYd e f6 g1[ALIAS]; 99[IRGCOND];   [PRC_QL2],07:33:38.000
1154,HMb.ST,20090701,07:33:46.428123,2,Quote,,,,,,5236.0,,,,,,,
1155,HMb.ST,20090701,07:33:48.436615,2,Quote,,,,,,6139.0,,,,,,,
1156,HMb.ST,20090701,07:33:48.844720,2,Quote,,,,,,,,,,57.0,,,
1157,HMb.ST,20090701,07:33:48.844720,2,Trade,,387.5,50.0,AVA ,,,,SAB ,,,,15b cYd e f6 g1[ALIAS]; 99[IRGCOND];   [PRC_QL2],07:33:48.000
1158,HMb.ST,20090701,07:33:55.944713,2,Quote,,,,,,4954.0,,,,,,,
1159,HMb.ST,20090701,07:33:56.190992,2,Quote,,,,,,,,,388.0,5348.0,,,
1160,HMb.ST,20090701,07:33:56.190992,2,Quote,,,,,,,,,,5748.0,,,
1161,HMb.ST,20090701,07:33:56.230778,2,Quote,,,,,,,,,,6598.0,,,
1162,HMb.ST,20090701,07:33:56.416705,2,Quote,,,,,,6454.0,,,,,,,
1163,HMb.ST,20090701,07:33:58.791129,2,Quote,,,,,,,,,,5790.0,,,
1164,HMb.ST,20090701,07:33:58.791129,2,Quote,,,,,,,,,387.5,125.0,,,
1165,HMb.ST,20090701,07:33:58.941236,2,Quote,,,,,,4954.0,,,,,,,
1166,HMb.ST,20090701,07:33:59.100205,2,Quote,,,,,,5854.0,,,,,,,
1167,HMb.ST,20090701,07:34:09.691840,2,Quote,,,,,,4848.0,,,,,,,
1168,HMb.ST,20090701,07:34:11.799947,2,Trade,,387.0,10.0,UNK   ,,,,UNK   ,,,,SSbIcNd e f6 g1[ALIAS]; 44[IRGCOND];   [PRC_QL2],07:34:11.000
1169,HMb.ST,20090701,07:34:15.771472,2,Quote,,,,,,,,,,75.0,,,
1170,HMb.ST,20090701,07:34:15.773062,2,Trade,,387.5,50.0,AVA ,,,,SAB ,,,,15b cYd e f6 g1[ALIAS]; 99[IRGCOND];   [PRC_QL2],07:34:15.000
1171,HMb.ST,20090701,07:34:16.332372,2,Quote,,,,,,4322.0,,,,,,,
1172,HMb.ST,20090701,07:34:16.380294,2,Quote,,,,,,3422.0,,,,,,,
1173,HMb.ST,20090701,07:34:16.664143,2,Quote,,,,,,3822.0,,,,,,,
1174,HMb.ST,20090701,07:34:23.710890,2,Quote,,,,,,,,,388.0,5748.0,,,
1175,HMb.ST,20090701,07:34:23.775313,2,Quote,,,,,,,,,,6748.0,,,
1176,HMb.ST,20090701,07:34:23.775313,2,Quote,,,,,,,,,,6650.0,,,
1177,HMb.ST,20090701,07:34:24.063364,2,Quote,,,,,,,,,,7650.0,,,
1178,HMb.ST,20090701,07:34:24.071487,2,Quote,,,,,,,,,,7758.0,,,
1179,HMb.ST,20090701,07:34:24.203554,2,Quote,,,,,,,,,,4968.0,,,
1180,HMb.ST,20090701,07:34:30.338293,2,Quote,,,,,,3962.0,,,,,,,
1181,HMb.ST,20090701,07:34:37.048950,2,Quote,,,,,,,,,,3968.0,,,
1182,HMb.ST,20090701,07:34:48.800598,2,Quote,,,,,,,,,,3860.0,,,
1183,HMb.ST,20090701,07:34:49.166624,2,Quote,,,,,,,,,,3968.0,,,
1184,HMb.ST,20090701,07:34:51.636472,2,Quote,,,,,387.5,1.0,,,,,,,
1185,HMb.ST,20090701,07:34:52.245496,2,Quote,,,,,,193.0,,,,,,,
1186,HMb.ST,20090701,07:34:57.769523,2,Quote,,,,,,192.0,,,,,,,
1187,HMb.ST,20090701,07:34:57.769523,2,Quote,,,,,387.0,3093.0,,,,,,,
1188,HMb.ST,20090701,07:34:57.769523,2,Quote,,,,,,,,,387.5,200.0,,,
1189,HMb.ST,20090701,07:34:57.769523,2,Trade,,387.5,1.0,NON ,,,,NON ,,,,15b cYd e f6 g1[ALIAS]; 99[IRGCOND];   [PRC_QL2],07:34:57.000
1190,HMb.ST,20090701,07:34:57.769523,2,Trade,,387.5,192.0,CSB ,,,,NON ,,,,15b cYd e f6 g1[ALIAS]; 99[IRGCOND];   [PRC_QL2],07:34:57.000
1191,HMb.ST,20090701,07:34:57.855277,2,Quote,,,,,,3186.0,,,,,,,
1192,HMb.ST,20090701,07:34:57.855277,2,Quote,,,,,,,,,,750.0,,,
1193,HMb.ST,20090701,07:34:57.855277,2,Quote,,,,,,3093.0,,,,,,,
1194,HMb.ST,20090701,07:34:57.855277,2,Quote,,,,,,4093.0,,,,,,,
1195,HMb.ST,20090701,07:34:57.873747,2,Quote,,,,,,3993.0,,,,,,,
1196,HMb.ST,20090701,07:34:57.873747,2,Quote,,,,,,2993.0,,,,,,,
1197,HMb.ST,20090701,07:34:57.949282,2,Quote,,,,,,3659.0,,,,,,,
1198,HMb.ST,20090701,07:35:05.986923,2,Quote,,,,,,,,,,200.0,,,
1199,HMb.ST,20090701,07:35:09.408833,2,Quote,,,,,,,,,388.0,3066.0,,,
1200,HMb.ST,20090701,07:35:09.408833,2,Quote,,,,,,,,,387.5,200.0,,,
1201,HMb.ST,20090701,07:35:09.408833,2,Trade,,387.5,200.0,SGP ,,,,NON ,,,,15b cYd e f6 g1[ALIAS]; 99[IRGCOND];   [PRC_QL2],07:35:09.000
1202,HMb.ST,20090701,07:35:10.051778,2,Quote,,,,,,,,,388.0,2958.0,,,
1203,HMb.ST,20090701,07:35:10.051778,2,Quote,,,,,,,,,387.5,200.0,,,
1204,HMb.ST,20090701,07:35:10.058094,2,Trade,,387.5,200.0,SGP ,,,,NON ,,,,15b cYd e f6 g1[ALIAS]; 99[IRGCOND];   [PRC_QL2],07:35:09.000
1205,HMb.ST,20090701,07:35:10.058094,2,Quote,,,,,,,,,388.0,2958.0,,,
1206,HMb.ST,20090701,07:35:10.058094,2,Quote,,,,,,,,,387.5,200.0,,,
1207,HMb.ST,20090701,07:35:10.058094,2,Trade,,387.5,200.0,CAR ,,,,NON ,,,,15b cYd e f6 g1[ALIAS]; 99[IRGCOND];   [PRC_QL2],07:35:09.000
1208,HMb.ST,20090701,07:35:15.275544,2,Quote,,,,,,,,,388.0,3066.0,,,
1209,HMb.ST,20090701,07:35:15.275544,2,Quote,,,,,,,,,387.5,200.0,,,
1210,HMb.ST,20090701,07:35:15.275544,2,Trade,,387.5,200.0,SGP ,,,,NON ,,,,15b cYd e f6 g1[ALIAS]; 99[IRGCOND];   [PRC_QL2],07:35:15.000
1211,HMb.ST,20090701,07:35:32.309137,2,Quote,,,,,,,,,,100.0,,,
1212,HMb.ST,20090701,07:35:32.309137,2,Trade,,387.5,100.0,AVA ,,,,NON ,,,,15b cYd e f6 g1[ALIAS]; 99[IRGCOND];   [PRC_QL2],07:35:32.000
1213,HMb.ST,20090701,07:35:32.945690,2,Quote,,,,,,2993.0,,,,,,,
